2482 3910
285 180 365 229 nnn.
382 180 473 230 urar.
492 181 540 228 xr.
563 177 685 236 tu-oo.
709 167 876 254 (au-1⁰6.)
944 220 946 226 .
1018 173 1076 242 201

77 336 208 413 tendunt,
222 335 297 398 haee
312 345 342 396 ut
356 353 423 402 aras
434 337 567 412 adorant,
577 336 711 398 fortassis
723 338 791 416 quia
801 339 877 400 inest
891 341 927 400 iis
943 341 1077 404 vitalitas.

76 440 201 502 namque
215 423 246 482 iu
263 420 326 499 ipsa
339 439 432 499 genua
448 421 597 498 utriusque
607 422 796 498 conmissum,
810 423 912 484 dextra
924 425 1078 510 laevaque,

75 509 207 588 aptiore
222 514 305 586 parte
319 505 433 582 gemina
448 504 588 585 quaedam
603 504 760 568 buooarum
771 507 891 568 inanitas
909 510 1000 586 inest,
1022 529 1079 589 qua

76 593 213 672 perfossa
229 608 283 652 eeu
299 588 398 666 iuguio
409 589 527 669 spiritus
543 587 612 650 duit.
636 590 711 649 inest
725 599 755 650 et
771 591 834 652 aliis
846 591 976 669 partibus
990 611 1078 673 quae·
1143 643 1146 648 .

49 677 141 739 ⁵dam
156 675 279 754 religio,
297 673 373 735 sieut
390 673 512 737 deutera
528 673 639 734 oseuiis
657 691 765 736 aversa
790 671 950 754 adpetitur,
976 678 1004 736 in
1022 678 1077 738 tide

74 761 243 841 porrigitur.
280 759 403 836 antiquis
420 756 561 819 Graeoiao
581 758 610 818 in
629 758 820 836 supplicando
831 768 962 834 mentum
976 763 1057 822 attin·
1068 775 1120 830 251
1215 821 1218 828 ,

73 864 149 923 gere
165 861 230 904 mos
250 851 323 904 erut.
361 841 407 904 o‘st
421 843 451 904 in
465 860 535 904 auro
553 842 609 904 ima
623 844 779 904 memoriae
798 844 898 925 loeus,
916 862 1001 924 quern
1018 855 1077 910 tan·

72 939 179 1007 gentes
200 936 384 990 antestamur.
419 936 466 986 est
481 935 549 1006 post
566 945 665 990 aurem
681 944 776 1006 aeque
801 928 951 990 dexteram
970 927 1076 992 Nome-

74 1031 161 1088 seos,
177 1031 252 1092 quae
266 1011 323 1073 dea
342 1010 471 1072 Latinum
486 1027 591 1072 nomen
610 1029 647 1072 ne
663 1012 692 1070 in
707 1008 854 1092 (iapitolio
869 1014 983 1092 quidem
998 1015 1077 1076 iure·

36 1099 131 1174 nouit,
161 1115 218 1175 quo
240 1093 393 1158 referimus
407 1105 514 1158 tautum
528 1113 580 1156 ore
597 1113 766 1174 proxumum
783 1115 799 1158 a
820 1098 935 1159 minimo
959 1099 1078 1176 digitum
1176 1131 1180 1136 -

71 1183 187 1244 reniam
204 1181 346 1243 sermonis
359 1198 376 1240 a
391 1179 436 1240 dis
451 1178 492 1240 ihi
508 1179 714 1241 recondentes.

135 1267 241 1344 (104.)
260 1265 384 1326 Varioes
404 1265 432 1324 iu
455 1263 587 1324 eruribus
607 1264 671 1322 viro
692 1271 814 1339 tuntum,
840 1265 954 1327 mulieri
977 1283 1056 1328 roro.
1069 1277 1121 1332 thu

72 1347 105 1413 C.
122 1349 259 1426 hiarium,
283 1349 332 1428 qui
346 1349 476 1426 septiens
493 1347 596 1408 consui
610 1347 679 1426 brit,
701 1349 787 1408 stanti
807 1348 862 1408 sibi
879 1349 991 1410 extrahi
1011 1367 1077 1429 pus·

71 1453 134 1497 sum
149 1453 234 1496 unum
251 1433 394 1495 homiuum
410 1430 522 1510 Oppius
537 1439 708 1492 auctorest.

33 1535 60 1580 ro
136 1519 244 1597 (105.)
266 1515 366 1578 Omnia
381 1517 513 1578 animalia
526 1534 543 1576 a
558 1515 688 1577 dexteris
704 1515 833 1595 partibus
848 1515 1001 1594 incedunt,
1018 1518 1055 1576 si·
1067 1527 1122 1582 253

70 1603 170 1663 nistris
184 1601 330 1663 inoubaut.
362 1601 474 1679 reiiqoa
489 1609 519 1660 ut
530 1599 644 1663 libitum·
655 1608 701 1660 est
714 1600 891 1677 gradiuntur,
906 1599 954 1660 leo
970 1610 1078 1664 tautum

69 1696 100 1748 et
119 1686 248 1747 eumelus
262 1685 406 1765 pedatim,
430 1685 489 1746 boe
504 1693 596 1746 estut
611 1685 726 1744 sinister
743 1683 848 1763 pedum
870 1701 928 1745 non
949 1694 1078 1748 trauseat

68 1769 202 1830 dextrum
216 1769 269 1831 sed
285 1769 487 1849 subsequatur.
517 1768 613 1830 Pedes
630 1769 736 1831 homini
752 1769 887 1849 maxumi,
901 1768 1017 1830 dominis
1034 1779 1076 1832 te·

66 1855 187 1916 uuiores
201 1854 320 1916 inomni
332 1872 451 1930 genere.
484 1871 569 1914 surae
584 1853 691 1914 bomini
706 1862 812 1916 tantum
830 1864 859 1914 et
874 1871 959 1914 erura
975 1848 1076 1920 eadno-

28 1954 57 1996 ro
68 1956 112 2000 sa.
130 1939 277 2017 reperitur
291 1938 367 2017 apud
377 1947 514 2000 auctores
526 1938 668 2017 quendam
680 1939 708 1998 io
718 1937 857 2016 Aegypto
869 1953 927 1998 non
939 1937 1076 2000 habuisse
1102 1954 1104 1960 ’

66 2039 160 2084 suras.
191 2023 260 2084 vola
279 2021 386 2082 homini
400 2031 507 2084 tautum
523 2025 657 2100 exeeptis
678 2021 856 2101 quibusdam.
886 2040 1010 2101 namque
1028 2033 1120 2088 eruet

64 2105 134 2168 hino
149 2107 321 2184 ooguotuina
332 2108 459 2182 inventa,
472 2105 581 2181 Phenei,
597 2106 700 2180 Plauti,
719 2104 842 2180 Pansae,
857 2106 976 2181 Scauri,
1001 2109 1077 2168 siout

64 2209 83 2250 a
99 2190 233 2253 eruribus
247 2189 327 2266 Vari,
345 2191 472 2263 Venire,
491 2189 613 2263 Vatinii,
628 2206 703 2266 quoe
717 2189 787 2248 vitia
802 2197 832 2247 et
846 2189 874 2248 in
889 2189 1074 2268 quadripedi·
1096 2205 1103 2222 ¹

66 2274 133 2335 hus.
167 2275 282 2337 Solidas
298 2274 404 2336 hubent
417 2273 539 2350 ungulas
555 2291 629 2351 quae
643 2290 702 2335 nou
716 2280 782 2332 suut
797 2273 969 2349 cornigera,
988 2274 1074 2350 igitur

29 2372 57 2414 ao
68 2376 124 2438 pro
141 2357 185 2419 his
196 2359 285 2427 telum
301 2358 426 2436 ungulae
442 2356 516 2418 iotus
533 2366 577 2418 est
591 2357 659 2418 illis.
679 2374 735 2416 neo
749 2355 825 2416 talos
840 2354 946 2417 habant
962 2357 1074 2432 eadem,

67 2452 189 2522 atquae
212 2442 323 2504 bisuloa
346 2452 413 2514 sunt
431 2439 547 2502 hahent.
594 2441 681 2502 iidem
700 2440 809 2519 digitos
824 2438 997 2503 habentibus
1016 2459 1075 2502 uon
1164 2465 1168 2472 ’

66 2535 151 2601 sunt,
166 2545 263 2608 neque
277 2527 306 2586 in
320 2526 465 2604 prioribus
480 2527 594 2586 omniuo
610 2525 734 2604 pedibus
748 2524 810 2585 ulii.
843 2522 958 2586 oameio
972 2527 1023 2588 tali
1038 2529 1074 2588 si·

65 2611 152 2670 miles
167 2610 282 2673 bubulis
293 2611 346 2670 sed
357 2612 485 2672 minores
496 2610 593 2688 paulo.
610 2619 656 2671 est
667 2611 742 2670 euim
753 2609 897 2672 bisulcum
910 2609 1075 2673 disorinrine
1088 2622 1104 2631 ’“

66 2695 187 2774 exiguo,
203 2713 258 2774 pes
271 2695 299 2754 in
311 2696 434 2772 vestigio
450 2711 589 2757 carnosus
604 2703 636 2755 ut
650 2695 736 2770 ursis,
748 2711 804 2772 qua
817 2692 855 2754 de
867 2711 955 2756 eausa
970 2697 997 2755 in
1013 2697 1074 2758 lon·

30 2778 153 2856 aogiore
171 2780 272 2840 itinere
288 2780 350 2840 sine
369 2778 492 2840 oaloiatu
511 2777 656 2841 fatiscunt.
1029 2808 1033 2814 =

129 2863 181 2926 46.
198 2863 302 2942 (106.)
319 2862 452 2940 Ungulae
467 2865 600 2922 veterino
616 2871 723 2924 tantum
739 2862 843 2940 generi
855 2871 1117 2926 renaseunturbob
1235 2927 1239 2932 ,

64 2964 138 3008 sues
152 2947 181 3006 iu
194 2945 313 3022 lllyrioo
328 2947 498 3026 quibusdam
512 2946 586 3008 loeis
602 2947 714 3008 solidas
728 2944 836 3007 babent
850 2946 984 3026 ungulas.
1010 2961 1073 3006 oor-
1155 2973 1157 2976 ·

63 3031 170 3108 uigere
185 3029 248 3092 iere
264 3031 387 3092 bisulca.
403 3031 497 3093 solida
509 3032 615 3108 ungula
628 3041 658 3091 et
669 3030 790 3092 hieorne
801 3031 920 3109 nullum,
936 3031 1074 3090 unicorne

63 3116 165 3176 asinus
179 3123 285 3176 tantum
299 3113 571 3191 indieus‚uuieorne
586 3125 616 3177 et
630 3114 771 3176 bisuloum
787 3132 870 3191 oryx.
888 3114 965 3176 talos
976 3111 1074 3174 asinus

25 3197 181 3260 ulndreus
194 3216 271 3260 uuus
286 3197 478 3278 solidipedum
493 3199 593 3276 habet,
605 3217 669 3260 nam
684 3217 752 3260 sues
771 3219 808 3260 ex
823 3208 948 3279 utroque
963 3215 1074 3275 genere
1148 3197 1151 3210 '

63 3283 275 3358 existimantur,
291 3283 359 3344 ideo
374 3282 453 3346 foedi
469 3303 576 3346 earum.
595 3283 738 3346 bominem
750 3285 799 3363 qui
811 3285 1009 3344 existimarunt
1023 3281 1073 3342 ba·

60 3367 139 3428 bare
166 3365 256 3428 iaoile
283 3368 420 3430 eonvieti.
466 3369 536 3446 iynx
556 3377 663 3430 tantum
678 3369 783 3446 digitos
800 3367 964 3429 habentium
979 3366 1074 3426 similo

60 3449 201 3536 quiddam
217 3451 277 3515 talo
293 3451 392 3534 habet,
410 3453 459 3515 leo
476 3455 627 3515 etiamnum
639 3453 806 3517 tortuosius.
823 3451 899 3522 talus
916 3459 1012 3516 autom
1027 3470 1073 3512 ro·
