2482 3910
153 143 214 212 11111)
464 151 770 202 ornmsucnnm

155 325 228 389 qnos
243 307 354 371 medius
369 307 540 406 longissima
555 306 744 406 protenditur.
775 305 879 386 quibus
895 323 934 368 ox
946 306 1050 406 rapina
1070 308 1175 368 rioms

155 392 375 492 quadripedum
393 393 470 470 quini
497 392 607 470 digiti
599 409 627 452 ur
649 390 796 470 prioribus
818 387 959 469 pedibus,
988 393 1019 450 iu
1038 391 1173 470 reliquis

90 516 94 532 ,
112 478 313 557 mquaterui.
335 475 460 551 Leones,
477 477 548 554 lupi,
564 492 653 537 naues
667 484 697 535 et
711 492 805 553 panea
817 476 846 536 tu
857 475 1078 558 posterioribus
1096 491 1171 554 qun·

156 579 212 641 que
227 563 329 640 quinos
344 561 446 638 unguis
463 553 585 636 babent,
607 576 663 621 uuo
679 561 758 620 iuxta
774 560 866 620 esuris
882 559 1035 620 urtieulam
1050 545 1171 639 depe*

154 647 259 721 deute,
286 645 415 724 reliqua,
435 661 509 722 quae
526 653 590 704 sunt
604 645 730 720 minora,
752 651 782 704 et
796 643 903 721 digitos
924 643 1043 722 quinos.
1074 643 1190 704 Bran-a

156 729 220 792 obla
240 747 299 791 nou
320 727 450 789 omuibus
472 729 552 806 paria
572 745 681 789 seeum.
719 728 852 788 studioso
867 725 973 790 Tbreoi
989 730 1018 788 in
1034 727 1072 788 G.
1094 727 1170 788 Cae·

155 815 229 876 saris
245 813 313 874 ludo
328 821 424 872 notum
436 821 482 872 est
493 812 643 874 demerem
656 813 750 874 luisse
760 810 970 892 proceriorem.
987 811 1170 873 Animalia

156 898 295 976 quaedam
317 906 347 956 ut
369 895 498 959 manibus
515 906 630 957 utuntur
649 898 776 976 priorum
792 898 953 957 ministerio
971 897 1104 976 pedum,
1122 915 1168 956 se·

155 982 283 1059 dentque
300 981 335 1040 ad
351 997 384 1040 os
400 980 458 1041 illis
474 981 656 1042 admoventia
672 979 764 1056 eibos,
780 989 812 1039 ut
826 981 924 1040 aeluri.

113 1075 166 1130 ιιι
227 1066 278 1124 44.
298 1064 403 1143 (100.)
419 1063 491 1124 Nam
507 1067 649 1126 simiarum
659 1082 772 1144 mera
784 1065 946 1144 perieotarn
960 1064 1089 1124 bominis
1105 1065 1194 1126 iuri-¹⁰

155 1150 293 1208 tationem
315 1151 464 1210 eontinent
486 1149 579 1226 tuere,
600 1149 732 1225 naribus,
754 1149 888 1226 auribus,
904 1147 1074 1229 palpebris,
1093 1167 1167 1228 quas

67 1253 73 1265 ·
156 1233 238 1294 solae
257 1233 466 1313 quadripedum
483 1244 513 1296 et
528 1236 556 1295 in
569 1234 709 1297 interiore
723 1233 831 1294 babent
845 1239 936 1312 gaba,
953 1235 1008 1294 iam
1023 1250 1167 1295 mammas

158 1319 186 1379 iu
203 1327 327 1397 praetore
343 1327 374 1378 et
387 1317 524 1380 braoebia
540 1328 570 1380 et
585 1336 669 1380 mura
684 1319 713 1378 iu
727 1320 903 1378 eontrarium
922 1318 1056 1378 similiter
1072 1317 1164 1394 doxa,

156 1404 184 1462 iu
203 1401 333 1464 manibus
350 1404 469 1480 unguis,
496 1402 603 1481 digitos
624 1402 846 1482 longioremque
866 1402 999 1463 med-ium.
1034 1402 1166 1480 pedibus

156 1487 271 1565 paulum
288 1486 430 1547 differunt.
460 1496 525 1548 suut
539 1488 626 1563 enim,
643 1496 675 1546 ut
690 1503 806 1562 manus,
821 1487 985 1566 praelongi,
1003 1485 1056 1546 sed
1070 1488 1163 1548 vesti·
1173 1495 1193 1540 ¹⁶

156 1569 604 1732 antilibanum
619 1571 1164 1731 .ttl{il'¹.bt.¹:l..tttlttl.l

98 1787 101 1792 .
158 1737 244 1796 etiam
258 1738 395 1798 buteriora
410 1741 504 1799 omnia
518 1740 554 1800 ud
570 1740 728 1820 exemplar.

114 1827 166 1886 att
230 1821 281 1880 45
301 1820 406 1900 (101.)
433 1821 553 1900 Ungues
577 1823 734 1884 clausulae
744 1841 900 1885 neruorum
915 1840 1042 1884 summae
1059 1823 1160 1883 existi·

156 1911 277 1964 mantur.
308 1905 439 1966 omnibus
454 1906 484 1966 bi
497 1906 602 1986 quibus
617 1917 647 1969 et
662 1909 753 1986 digiti.
784 1910 884 1994 nmine
899 1907 1052 1982 imbriconi,
1068 1906 1158 1966 bomi·
1168 1919 1191 1961 ιι

157 1988 242 2050 nibus
257 1987 317 2066 lati,
334 1997 366 2048 ot
381 1987 517 2052 deluuoto
532 2001 668 2053 eresount
669 1993 847 2071 ‚rapacibus
859 1989 936 2070 uuoi,
953 1993 1062 2052 ueteris
1073 1993 1159 2067 reon

125 2070 344 2150 moenibus,
375 2085 493 2154 praeter
520 2094 584 2138 eum
611 2079 658 2155 qui
679 2095 696 2137 a
720 2093 805 2137 omre
827 2077 977 2158 plerisque
1002 2075 1159 2154 dependet.

43 2184 45 2188 ¹
115 2167 168 2224 118
180 2156 280 2220 Omnia
295 2159 402 2237 digitos
420 2160 527 2223 babent
543 2179 617 2240 quae
632 2161 728 2260 pedes·
744 2170 871 2240 excepto
894 2159 1063 2238 elephanto.
1095 2159 1161 2220 baio

158 2244 232 2306 euim
246 2243 397 2321 informes,
415 2263 534 2307 numero
551 2247 666 2324 quidem
680 2247 822 2326 quinque,
840 2244 892 2306 sed
907 2244 1020 2304 indivisi
1039 2259 1074 2304 ae
1088 2243 1159 2303 leui·

157 2338 202 2388 ter
217 2327 347 2407 disereti,
365 2331 537 2410 ungulisque
550 2345 608 2390 non
624 2329 765 2408 unguibus
780 2329 900 2405 similes,
917 2337 946 2390 et
962 2328 1056 2407 pedes
1071 2329 1159 2388 maio·
1147 2339 1189 2380 -u

157 2430 206 2471 res
222 2413 355 2490 priores,
377 2415 406 2472 iu
421 2413 633 2492 posterioribus
654 2414 767 2474 articuli
788 2412 912 2489 breves,
933 2414 1010 2474 idem
1032 2412 1160 2492 poplites

158 2497 232 2554 intus
247 2495 339 2556 duent
356 2497 478 2558 bominis
493 2498 589 2559 modo.
624 2506 724 2558 uetera
745 2498 907 2559 animalia
899 2514 927 2557 m
948 2497 1095 2558 diversum
1110 2513 1160 2576 po·

159 2578 330 2647 sterioribua
347 2580 469 2659 pedibus
485 2601 569 2674 quam
585 2582 741 2663 prioribus.
768 2599 834 2644 nam
857 2599 931 2663 quae
953 2583 1057 2642 animal
1072 2599 1159 2658 gene·

159 2671 222 2724 rant
239 2680 334 2739 genua
350 2675 417 2726 unte
433 2684 466 2727 se
482 2657 601 2728 deotunt
615 2676 645 2728 et
659 2667 846 2744 suffraginum
868 2676 948 2728 artus
967 2669 997 2726 iu
1018 2683 1159 2726 aversum.

116 2751 168 2812 rte
232 2743 338 2826 (102.)
366 2747 478 2812 Homini
491 2769 587 2830 genus
609 2760 640 2812 et
654 2751 748 2811 oubita
770 2753 930 2828 contraria,
954 2751 1023 2811 item
1040 2751 1117 2811 ursis
1132 2755 1190 2810 etot

159 2832 303 2892 simiarum
316 2835 434 2910 generi,
457 2836 495 2896 ob
511 2838 539 2897 id
559 2838 682 2896 minume
697 2837 875 2916 pernicibus.
905 2796 966 2896 O’va
982 2833 1158 2914 parientibus

159 2917 385 2997 quadripedum,
401 2920 567 2997 oroeodilo‚
585 2920 703 2982 lacertis
711 2921 834 3000 ‚priora
848 2937 944 3000 genua
959 2927 1027 3000 post
1041 2933 1158 2978 euman-

159 3011 221 3077 tur‚
251 3004 417 3081 posteriora
442 3004 470 3062 in
491 3007 619 3083 priorem
639 3015 762 3086 partem.
800 3013 866 3066 sunt
894 3013 989 3066 autern
1012 3019 1097 3063 crura
1118 3003 1158 3062 bis
1190 3027 1195 3048 ι

159 3046 276 3166 obliqua
293 3086 407 3148 humaui
425 3087 544 3166 pollinis
558 3091 655 3151 ruodo
693 3091 736 3150 sie
754 3097 785 3151 et
804 3088 1011 3170 multipedibus
1032 3096 1157 3187 praetep-

127 3188 244 3250 qnam
269 3172 424 3236 novissima
451 3173 630 3236 salientibus
674 3175 755 3234 Aves
776 3183 807 3234 ιι
832 3173 1028 3268 quadripedes
1052 3171 1113 3231 alas
1133 3171 1189 3230 tuo

160 3257 257 3333 priora
274 3266 403 3333 cursant,
418 3257 627 3336 suffraginem
618 3279 647 3319 ru
662 3259 836 3339 posteriora.
1001 3261 1009 3280 ²
1226 3269 1227 3312 3

118 3347 171 3401 150
234 3340 340 3421 (103.)
358 3341 485 3402 Hominis
503 3344 627 3420 genibus
641 3342 783 3442 quaedam
801 3351 830 3402 et
844 3341 950 3420 religio
966 3341 1042 3400 inest
1060 3338 1157 3399 obser·
1226 3337 1227 3380 l

160 3425 276 3484 radone
298 3427 433 3504 gentium.
469 3427 544 3490 haee
560 3429 711 3509 supplioes
728 3427 886 3506 attingunt,
910 3427 947 3488 ad
968 3425 1044 3486 baeu
1063 3439 1157 3484 manns
