2462 3900
252 270 330 316 ιιι.
347 269 437 318 nisu.
454 271 509 318 xv.
525 230 654 331 ἰι-ιι,
670 261 822 338 (ar—at.)
870 341 877 350 ι
907 244 911 252 ’
965 259 1024 320 293

876 379 882 404 Ι

5 434 181 504 antequam
196 424 328 484 decidant
348 419 521 500 erubescunt,
542 425 658 486 radices
673 426 779 488 multae
801 435 888 504 atque
906 427 980 486 altae
998 437 1027 487 et
1084 426 1086 430 ’
1158 459 1161 470 =

5 510 88 581 ideo
115 508 361 586 inexstirpabilea.
394 527 452 569 uon
477 509 529 569 init
550 509 624 572 baec
647 509 734 572 arbor
754 512 782 569 in
802 509 1024 599 ltaliacatonis
1064 529 1069 568 ι

5 610 109 658 nevo.
183 632 185 644 .

79 675 137 734 21.
154 675 238 754 (23.)
253 675 355 737 Sorbis
367 676 548 755 quadruplex
560 677 731 739 differentia.
757 679 823 740 aliis
835 680 909 738 enim
919 679 1020 738 'eornm
1032 690 1066 742 85

5 759 183 822 rotunditas
199 759 282 834 mali,
305 759 370 820 aliis
385 759 538 823 turbinatio
553 763 644 840 piri,
651 761 716 822 aliis
733 769 817 822 ovata
830 763 947 841 species
970 780 1024 822 ceu

5 825 164 908 natorum
180 843 331 921 aliquibus
365 844 439 905 baec
460 844 593 906 obnoxia
599 848 690 906 acori
722 847 813 906 odore
836 855 865 906 et
882 849 1024 906 suavitate

5 927 144 990 brunda
153 927 353 1004 praecellunt,
371 930 478 989 ceteris
490 930 547 989 vini
559 947 657 1008 sapor.
683 932 907 1006 generosissima
921 931 1034 1012 quibua

5 1017 99 1074 eirca
118 1010 271 1089 pediculos
286 1021 386 1075 tenera
401 1013 481 1074 lolia
508 1023 639 1090 quartum
653 1033 745 1090 genus
759 1016 912 1075 torminale
922 1014 1021 1112 appel-

5 1099 96 1172 lant,
120 1095 250 1158 remedio
272 1091 378 1156 tantum
402 1096 573 1174 probabile,
600 1097 747 1157 adsiduum
769 1108 924 1176 proventu
934 1101 1022 1157 minn-

5 1197 171 1258 mumque
177 1195 281 1277 pomp,
302 1179 407 1240 arbore
432 1180 586 1256 dissimile,
608 1181 687 1243 foliis
709 1199 802 1258 paene
819 1183 935 1260 platani
965 1201 1022 1242 non

5 1265 116 1326 ierunt
136 1271 202 1322 ante
223 1263 363 1324 trimatum
387 1282 425 1324 ex
446 1263 505 1324 ullo
527 1281 664 1342 genere
687 1262 758 1324 Cato
781 1274 811 1325 et
833 1265 921 1351 sorba
937 1268 1021 1326 condi

5 1367 89 1428 sapa
106 1346 202 1414 tradit.

80 1431 133 1490 22
161 1429 244 1510 (24.)
267 1429 312 1491 Ab
334 1430 379 1491 his
401 1430 497 1495 locum
514 1431 700 1510 amplitudine
713 1420 930 1492 vindicaverunt
941 1442 1063 1531 'quaene

5 1533 144 1576 cessere
175 1515 338 1576 auctoritati
371 1533 460 1576 uncas
484 1515 657 1592 iuglandes,
685 1533 854 1615 quamquam
883 1525 913 1577 et
939 1519 1021 1594 ipsae

5 1600 190 1678 nuptialium
214 1595 458 1664 Fescenninorum
479 1601 616 1676 comites,
639 1600 755 1660 multum
777 1601 871 1678 pineis
895 1602 1021 1660 minores

5 1685 206 1744 universitate
224 1682 401 1762 caedemque
424 1685 557 1762 portione
574 1683 730 1763 ampliores
746 1684 862 1744 nucleo.
895 1703 951 1744 nec
963 1701 1021 1744 non

5 1778 40 1828 et
59 1769 158 1828 boner
175 1768 210 1826 iia
227 1776 345 1826 naturae
359 1767 519 1846 patritianis
533 1769 649 1846 gemino
667 1769 809 1848 protectis
828 1769 1020 1846 operimento,

5 1853 158 1930 pulvinati
175 1853 295 1928 primum
312 1851 439 1928 oolycis
463 1858 531 1915 mox
546 1853 635 1932 lignei
649 1854 812 1932 putaminis
844 1871 919 1932 quae
933 1871 1019 1912 causa

7 1955 68 1998 eas
88 1935 196 2012 nuptiis
211 1934 283 1994 iecit
295 1935 467 2012 religiosas,
489 1947 533 1997 tot
545 1937 639 1998 modis
661 1938 725 2000 fetu
737 1939 861 2036 mnnita,
883 1937 959 2015 quod
977 1947 1022 1996 est

5 2018 219 2096 verisimilius
218 2035 309 2096 quam
330 2020 396 2100 qnia
418 2020 549 2082 cadeudo
567 2021 719 2099 tripudium
739 2023 879 2081 sonivium
904 2020 1042 2080 iaciant.

5 2091 52 2166 Et
73 2103 130 2164 has
145 2120 161 2162 e
177 2101 297 2166 Perside
318 2104 437 2180 regibus
460 2105 612 2164 translatas
632 2105 738 2165 indicio
761 2113 826 2163 sunt
839 2103 950 2162 Graeca
966 2121 1016 2162 no·
1006 2107 1061 2164 -at

8 2190 105 2251 mina.
137 2195 281 2264 optumum
303 2189 412 2265 qnippe
429 2205 533 2286 genus
546 2205 644 2246 carum
659 2187 806 2247 Persicum
820 2195 905 2264 atque
921 2186 1018 2244 basili·

5 2287 76 2332 con
91 2280 207 2330 vocant
238 2275 267 2330 el
287 2271 361 2332 baec
383 2259 484 2332 inere
489 2273 580 2370 prima
601 2272 724 2331 nomina
758 2287 866 2344 caryon
882 2287 898 2328 a
917 2271 1019 2346 capitis

11 2355 190 2434 gravedine
199 2365 322 2434 propter
346 2355 444 2416 odoris
468 2356 639 2432 gravitatem
661 2355 795 2414 convenit
819 2353 932 2413 dictum
966 2355 1017 2411 tin·

5 2448 125 2517 ,guntur
159 2441 269 2500 cortice
303 2456 401 2500 aarum
433 2439 517 2500 lanae
547 2448 576 2500 et
611 2439 721 2499 mlatur
751 2436 872 2516 capillus
900 2438 1019 2516 primum
1079 2461 1081 2464 ·

11 2521 228 2603 prodeuntibus
241 2523 365 2584 nuculis
390 2524 419 2584 id
435 2533 602 2602 conpertum
613 2523 729 2582 infectis
744 2531 866 2582 tractatu
878 2521 1016 2580 manibus.

11 2610 211 2686 pinguescunt
230 2615 383 2669 vetustate
414 2608 483 2667 Sola
499 2607 661 2668 differentia
676 2623 816 2684 generum
829 2607 858 2665 in
872 2607 1015 2684 putamine
1027 2615 1062 2668 ec

14 2693 91 2754 duro
116 2690 267 2767 fragilive,
297 2699 325 2750 et
347 2693 424 2750 terrui
448 2701 495 2751 aut
517 2708 635 2766 crasso,
659 2690 793 2776 ιιιιιιιιιιι
816 2699 868 2750 aut
885 2689 1017 2768 simplici.
1104 2718 1105 2724 ι

15 2775 117 2835 solnm
127 2773 185 2840 boc
199 2792 314 2852 pernam
330 2783 429 2836 natura
445 2775 599 2852 conpactili
614 2763 798 2853 operimentb
807 2773 919 2842 elausit.
943 2791 1019 2842 nana

5 2877 78 2938 tque
95 2867 158 2918 sunt
169 2858 274 2918 bifidae
286 2862 459 2936 putaminum
470 2860 586 2918 carinae
598 2857 824 2940 nucleorumque
839 2859 899 2918 alia
906 2857 1018 2954 quadri-

16 2943 125 3022 pertita
152 2941 313 3018 distinctio,
339 2943 435 3020 lignea
461 2945 671 3002 intercursante
701 2941 875 3005 membrana
913 2943 1019 3000 ceteris

18 3025 159 3108 quidquid
183 3036 228 3089 est
248 3025 371 3089 solidum
395 3037 440 3086 est
465 3027 524 3086 ut
515 3045 544 3085 m
562 3016 702 3086 abellanis
726 3027 780 3086 et
765 3043 835 3105 rpso
852 3042 953 3084 nucum
962 3043 1019 3102 ge-

19 3128 93 3174 nera
122 3128 194 3187 duras
216 3120 301 3170 antea
326 3109 476 3170 Abellinas
501 3111 596 3195 patrio
620 3111 732 3171 nomine
741 3108 955 3189 appellabant.
991 3109 1018 3166 iu

21 3195 121 3254 Asiana
148 3193 356 3272 Graeciamque
387 3213 411 3254 e
430 3189 529 3253 Ροιιιι
550 3202 693 3253 venerunt
725 3193 851 3272 ideoque
882 3192 1033 3252 Ponticae.

5 3295 113 3338 tnuces
127 3288 276 3339 vocantur
306 3278 359 3338 has
375 3295 491 3356 qnoque
506 3277 601 3338 mollis
616 3279 745 3356 protegit
763 3276 863 3340 barba
894 3277 947 3336 sed
964 3295 1014 3354 pn·
1004 3283 1060 3338 -89

22 3362 119 3422 camini
139 3362 311 3439 nucleisque
335 3362 429 3422 solida
449 3363 607 3422 rotunditas
626 3363 710 3422 inest.
731 3379 797 3422 ,eae
818 3369 847 3420 et
861 3367 1016 3419 torrentur.

22 3445 173 3507 umbilicus
200 3445 258 3506 illis
282 3447 356 3506 intus
385 3447 535 3516 iuventte
555 3445 660 3504 medio.
691 3447 775 3504 tertia
796 3442 832 3505 ab
853 3443 898 3504 his
918 3452 1018 3504 namra

24 3529 182 3606 amygdalis
198 3530 400 3599 tenninresed
417 3529 501 3590 simili
516 3528 689 3606 iuglandium
703 3539 810 3587 sirinnan
826 3529 1020 3612 operimenta
1060 3544 1061 3552 ¹
1080 3521 1093 3536 ''
1150 3533 1152 3538 '
