2444 3908
164 145 205 209 82
507 155 537 205 c.
554 155 650 205 aurun
666 153 817 204 saccant

164 313 289 375 dentium
304 311 397 373 nexus
414 311 521 390 gemini
537 327 575 370 ex
594 319 703 384 rostro,
718 308 838 370 totidem
861 325 878 370 a
896 309 997 370 incute
1015 315 1081 370 ceu
1102 309 1185 372 rituli

164 411 270 457 cornua
285 405 400 457 exeunt.
433 397 508 475 pilus
525 410 613 454 aereo
634 393 734 453 similis
750 392 926 470 agrestibus,
948 396 1073 454 ceteris
1088 395 1183 472 niger.

136 506 140 512 ·
164 489 193 541 at
207 483 235 539 iu
250 479 357 541 Arabia
373 480 486 541 suillum
502 496 594 557 genus
608 493 667 538 nou
683 479 762 538 vivit.

121 573 173 628 213
243 565 291 625 53.
317 564 402 645 (79.)
425 563 550 626 lnuullo
575 578 686 640 genere
716 578 810 639 aeque
836 561 931 622 iacilis
951 563 1091 622 mixtura
1120 581 1183 622 eura

162 648 238 724 dero,
255 649 380 728 qualiter
400 657 483 709 natos
497 647 603 725 antiqui
620 645 756 721 hybridas
771 644 985 706 accubantem
1002 607 1214 724 semiferoasl

165 733 200 794 ad
215 732 346 796 homines
363 749 480 812 quoque
494 740 525 791 ut
539 733 568 790 in
580 728 613 791 C.
630 730 785 790 Antonium
802 727 953 790 Ciceronis
967 731 998 789 in
1015 731 1182 792 consulatu
1213 733 1214 736 ’

163 817 310 895 collegam
322 815 518 894 appellatione
525 816 638 875 tralata.
657 831 714 874 non
725 817 754 885 in
768 811 868 874 suibus
881 823 976 874 autem
993 823 1117 875 tantum
1129 815 1181 874 sed

163 901 191 959 in
208 900 339 962 omnibus
356 915 472 979 quoque
485 899 658 960 animalibus
670 899 875 976 cuiuscumque
887 900 1006 975 generis
1022 899 1126 960 ullum
1137 907 1181 958 est

121 982 312 1067 {qulacidum
334 982 462 1042 eiusdem
476 984 618 1043 invenitur
640 992 669 1044 et
683 983 791 1058 lerum,
813 991 916 1060 utpote
941 1000 1006 1042 curn
1023 982 1179 1042 hominurn

121 1068 266 1130 tltetiam
288 1065 463 1127 silvestrium
484 1075 528 1128 tot
547 1083 656 1145 genera
671 1067 820 1144 praedicta
840 1067 905 1126 sint.
938 1083 1051 1144 caprae
1080 1077 1214 1128 tamena*

163 1151 192 1208 in
209 1150 355 1228 plurumas
371 1151 569 1212 similitudines
584 1149 831 1227 transfigurantur.
862 1158 927 1209 sunt
943 1167 1096 1228 capreae,
1111 1159 1179 1210 sunt

163 1235 350 1312 rupicaprae,
363 1243 429 1294 sunt
444 1235 536 1295 ibices
548 1235 727 1314 pernicitatis
738 1232 894 1309 mirandae,
912 1240 1093 1312 quamquam
1106 1253 1176 1295 one

162 1325 227 1378 rato
245 1320 342 1397 capite
360 1319 449 1378 uastis
464 1319 599 1380 cornibus
614 1318 833 1396 gladiorumque
852 1317 973 1394 vaginis.
996 1319 1026 1376 in
1042 1319 1129 1380 haec
1145 1337 1176 1378 se

163 1401 248 1462 librat
269 1411 300 1462 ut
325 1411 469 1464 tormento
497 1403 594 1481 aliquo
613 1411 723 1462 rotatus
750 1405 779 1461 in
807 1411 922 1480 petras,
952 1403 1176 1480 potissimume

164 1495 260 1546 monte
276 1487 372 1564 aliquo
387 1489 416 1546 in
430 1485 676 1566 aliumtransilire
694 1503 849 1564 quaerens,
866 1491 952 1564 atque
965 1503 1094 1546 recussu
1107 1503 1199 1565 per-c

164 1570 256 1628 nicius
281 1587 338 1647 quc
361 1569 478 1632 libuerit
497 1571 616 1632 exultat.
642 1578 756 1630 suntet
772 1587 898 1647 oryges‚
922 1569 977 1630 soli
993 1569 1175 1647 quibusdam

165 1651 234 1714 dicti
250 1656 394 1714 contrario
409 1654 470 1733 pilo
487 1657 587 1715 vestiri
609 1654 689 1714 etad
706 1663 793 1733 caput
806 1671 905 1713 uerso.
936 1661 1001 1714 sunt
1017 1663 1048 1712 et
1066 1653 1174 1716 damae

165 1743 195 1796 et
216 1737 340 1814 pygargi
363 1748 393 1798 et
417 1740 644 1817 strepsicerotes
664 1738 810 1816 multaque
835 1737 892 1797 alia
916 1735 984 1798 haut
1003 1736 1171 1798 dissimilia.

164 1819 217 1880 sed
232 1821 283 1880 illa
297 1819 400 1900 Alpes,
417 1822 491 1882 haec
509 1823 687 1882 transmarini
704 1823 775 1882 situs
790 1823 909 1892 mittunt.

122 1915 174 1968 215
244 1903 294 1966 54.
312 1903 396 1985 (80.)
413 1907 562 1966 Sinniarum
578 1921 694 1985 quoque
708 1916 818 1983 genera
833 1905 955 1967 hominis
971 1905 1085 1983 figurae
1102 1921 1214 1985 pro-a.

165 2005 250 2048 xuma
272 1988 371 2049 caudis
391 1991 466 2049 inter
486 2007 520 2048 se
538 1989 737 2066 distinguntur.
767 1991 837 2049 mira
852 1989 993 2050 sollertia.
1020 1991 1114 2050 »visco
1130 1992 1170 2049 in·

163 2073 252 2150 ungui
272 2072 444 2152 laqueisque
467 2072 584 2147 calciari
600 2074 756 2134 imitatione
775 2075 937 2133 venantium
957 2073 1084 2149 tradunt,
1109 2074 1169 2134 bln-

163 2157 256 2217 tianus
268 2166 298 2217 et
309 2155 477 2218 latrunculis
487 2155 592 2216 lusisse
602 2157 684 2216 lictus
701 2175 769 2218 cera
780 2157 882 2217 icones
893 2175 946 2216 usu
959 2158 1170 2234 distinguente.

94 2235 96 2240 ⁴
164 2241 230 2302 luna
248 2259 319 2302 caua
336 2241 426 2300 tristis
449 2257 516 2300 esse
533 2240 635 2318 quibus
652 2242 682 2301 in
696 2259 732 2301 eo
747 2259 858 2318 genere
875 2241 966 2302 cauda
982 2242 1029 2318 sit,
1060 2258 1169 2302 novam

165 2325 357 2386 exsultatione
379 2324 503 2385 adorari.
531 2341 596 2384 narn
618 2325 762 2385 deiectum
783 2325 908 2385 siderum
930 2334 961 2384 et
977 2335 1100 2386 ceterae
1117 2343 1195 2406 pas

124 2417 252 2473 blotent
275 2407 479 2486 quadripedes.
510 2409 658 2468 Simiarnm
688 2411 789 2486 generi
804 2410 962 2488 praecipua
980 2427 1051 2487 erga
1075 2410 1169 2471 ictum

146 2490 304 2551 adiectio.
341 2498 456 2567 gestant
481 2489 592 2552 catulos
620 2510 694 2571 quae
720 2493 933 2554 mansuefactae
964 2494 1036 2554 intra
1062 2496 1170 2556 domos

165 2589 324 2651 peperere,
340 2572 471 2633 omnibus
486 2573 681 2635 demonstrant
696 2578 871 2656 tractarique
885 2577 1020 2654 madent,
1037 2580 1167 2655 gratula-

164 2657 272 2716 tionem
293 2655 528 2733 intellegentibus
544 2657 662 2720 similes.
694 2661 791 2740 itaque
811 2679 913 2738 magna
937 2671 1074 2740 exparte
1097 2679 1167 2722 cou-

164 2738 322 2820 plectendo
338 2749 452 2801 necant.
484 2740 632 2802 efferatior
655 2745 862 2823 cynocephalis
877 2753 978 2805 natura
994 2747 1071 2805 sicut
1087 2757 1194 2822 sacy-a

165 2825 215 2885 ris.
249 2822 425 2884 callitriches
440 2833 503 2885 toto
519 2843 613 2905 paene
634 2827 773 2906 adspectu
791 2829 934 2904 differunt,
953 2827 1044 2888 barba
1069 2841 1119 2891 est
1140 2833 1168 2890 in

164 2909 251 2984 facie,
268 2907 359 2968 cauda
375 2909 432 2970 late
453 2909 516 2970 insa
533 2912 650 2989 primori
665 2921 756 2990 parte.
789 2913 846 2973 hoc
867 2913 970 2972 animal
984 2923 1110 2991 negatur
1125 2917 1169 2974 vi·

33 3045 36 3050 ,
164 3011 237 3056 uere
253 2994 281 3052 in
296 2989 352 3052 alio
369 3011 452 3072 quam
467 2993 641 3074 Aethiopiae
656 3012 713 3074 quo
730 2997 856 3074 gignitur
871 2997 965 3057 eaelo.

122 3087 175 3145 217
247 3077 297 3137 55.
318 3075 401 3158 (81.)
424 3076 462 3136 Et
483 3076 614 3156 leporum
638 3079 721 3159 plura
744 3091 811 3158 sunt
829 3099 947 3159 genera.
981 3081 1010 3140 in
1037 3079 1165 3160 Alpibus

166 3161 279 3224 candidi
296 3162 399 3240 quibus
420 3161 547 3222 hibernis
570 3163 716 3225 mensibus
738 3183 792 3244 pro
808 3165 905 3226 cibatu
925 3167 1020 3224 nivem
1042 3167 1193 3230 creduatce

167 3264 246 3306 esse.
268 3254 348 3306 certe
363 3247 545 3325 liquescente
569 3266 603 3309 ea
619 3248 789 3322 rutilescunt
809 3251 890 3310 annis
906 3249 1052 3326 omnibus,
1074 3259 1106 3310 et
1119 3259 1165 3310 est

167 3328 275 3408 alioqui
289 3330 392 3391 animal
406 3329 576 3392 intolerandi
590 3333 695 3410 rigoris
710 3333 859 3394 alumnum.
890 3334 1023 3412 leporum
1044 3335 1162 3411 generis

167 3423 233 3473 sunt
254 3421 283 3473 et
299 3431 371 3492 quos
393 3413 528 3495 Hispania
549 3417 697 3477 cuniculos
718 3415 861 3496 appellat,
884 3418 1069 3481 iecunditatis
1083 3419 1161 3478 inua-
