2462 3900
169 169 230 234 258
512 184 543 232 c.
560 183 655 232 nnmn
671 181 821 230 sucorum

171 333 358 413 coccolobin,
374 334 432 396 lune
445 335 558 396 melior.
589 336 642 396 sed
659 347 689 396 et
702 346 818 398 austera
833 335 934 396 transit
949 336 977 394 in
991 335 1114 396 dulcem
1130 353 1184 395 ve·

169 427 292 496 tustate,
309 429 339 480 et
353 438 428 498 quae
442 420 535 480 duleis
551 419 603 480 fnit
614 422 642 479 in
657 422 862 482 austeritatem.
890 427 958 479 tnnc
971 418 1093 482 sltem
1112 421 1183 480 vino

170 503 354 564 aemulantur.
382 503 496 566 tradant
516 506 634 564 vesicae
649 504 725 564 uitiis
740 504 919 565 utilissimum
941 521 978 562 ex
999 503 1182 582 disponam.

128 597 161 652 tl
172 585 306 648 Albuelis
321 588 436 648 summis
453 587 604 648 arboribus
620 587 744 648 fertilior
761 597 825 664 est,
849 586 954 648 visulla
969 588 1042 646 imis.
1062 605 1183 666 ¹qaam

171 669 271 731 obrem
293 673 370 732 eirca
399 672 516 732 easdem
538 682 619 733 satae
646 672 814 732 diversitate
837 680 956 732 naturae
978 667 1202 748 locupletabis

171 753 353 814 Inerticulam
380 773 398 815 e
420 757 511 833 nigris
535 754 740 834 appellavero,
768 756 867 816 fartim
898 754 1025 815 sobriam
1058 753 1181 829 dietari,

165 840 332 899 inveterato
358 841 517 918 praecipue
544 838 801 900 commendabilem
827 840 895 900 vino
920 837 973 898 sed
996 837 1116 899 viribus
1141 840 1179 898 in-

128 931 163 986 32
174 924 306 996 noxiam,
327 923 469 1001 siquidem
484 925 678 984 temulentiam
695 924 758 982 sola
771 941 829 983 non
846 923 923 984 facit.
948 922 1001 1002 {bl
1025 921 1180 984 Fertilitas

172 1006 353 1066 commendat
382 1015 497 1067 ceteras
527 1009 745 1087 principemque
768 1007 985 1068 helvennaeam.
1026 1007 1090 1066 duo
1118 1009 1179 1066 eins

170 1107 294 1168 genera:
325 1092 431 1170 maior,
454 1109 538 1171 quam
553 1092 668 1171 quidam
684 1092 816 1169 longam,
836 1094 929 1152 minor
945 1107 1030 1170 qaam
1044 1107 1204 1152 mereamor

171 1173 336 1252 appellant,
357 1193 415 1236 uon
435 1184 493 1236 tam
508 1176 659 1238 fecundam
677 1175 729 1236 sed
744 1177 903 1253 gratiorem
918 1175 1045 1240 hausta..
1064 1175 1177 1236 discer-

170 1260 245 1320 nitur
260 1258 332 1318 folio
349 1260 504 1336 circinato,
520 1278 619 1320 verum
637 1269 758 1337 utraque
773 1259 901 1336 gracilis.
932 1259 1030 1320 furcas
1044 1259 1177 1320 subdere

171 1343 217 1404 luis
232 1344 448 1419 necessariam,
473 1345 582 1422 alioqui
601 1342 762 1404 ubertatem
779 1360 859 1404 snum
872 1359 931 1403 non
946 1341 1086 1402 tolerant.
1122 1361 1177 1402 ma·

11 1457 14 1462 ¹
128 1428 267 1492 diritimo
292 1425 397 1488 adflatu
417 1427 561 1504 gaudeat,
584 1428 702 1489 roseida
725 1427 826 1490 odere.
862 1426 939 1486 nulla
959 1426 1060 1486 vitiam
1085 1430 1177 1486 minas

170 1509 279 1571 ltaliam
303 1521 393 1587 amat,
415 1529 497 1590 rqra,
525 1529 630 1591 parve,
652 1520 825 1589 putrescens
847 1511 875 1570 in
895 1527 946 1584 ea,
966 1511 1033 1570 vino
1054 1527 1203 1590 quoquere

168 1595 251 1671 quod
271 1597 370 1671 genuit
390 1604 530 1656 aestatem
550 1613 608 1655 non
624 1613 820 1674 exsuperans,
843 1612 899 1654 nec
915 1593 971 1654 alia
986 1611 1092 1654 macro
1113 1595 1176 1656 solo

170 1675 347 1738 familiarior.
377 1676 553 1756 Graecinus,
576 1681 623 1758 qui
645 1679 753 1757 alioqui
775 1677 941 1739 Cornelium
957 1675 1079 1738 Celsum
1102 1689 1176 1740 treu-

172 1759 304 1838 seripsit,
327 1760 479 1824 arbitratur
494 1781 552 1823 non
566 1772 694 1824 naturam
715 1764 778 1824 eius
798 1780 962 1841 repugnare
978 1761 1101 1840 ltaliae,
1125 1763 1176 1824 sed

172 1843 311 1904 culturam
336 1844 419 1904 avide
447 1847 579 1923 palmites
605 1848 795 1908 evocantium.
837 1846 875 1906 ob
898 1847 926 1907 id
947 1845 1103 1906 fertilitate
1127 1865 1175 1908 saa

171 1925 297 2002 absumi,
320 1929 345 1986 si
367 1944 425 1988 noa
447 1931 633 2008 praepinguis
656 1932 712 1994 soli
727 1931 845 1990 ubertas
862 1930 1072 1990 lentescentem
1091 1933 1202 1991 susti-ro

171 2019 246 2071 neat.
276 2011 476 2074 carbunculari
490 2023 626 2092 negatur,
643 2033 746 2094 magna
758 2015 843 2090 dote,
861 2015 885 2074 si
900 2032 999 2074 verum
1014 2023 1060 2074 est
1079 2016 1175 2094 aliqua

127 2097 201 2162 stin
223 2095 282 2156 vite
307 2097 391 2156 caelo
406 2115 463 2156 non
485 2117 552 2170 esse
574 2101 627 2158 ius.
656 2101 708 2178 [6.]
736 2087 859 2159 nestum¹
871 2099 932 2166 fert,
943 2099 1073 2177 spionia,
1092 2117 1175 2178 qaam

171 2179 284 2260 qnidam
310 2183 439 2260 spineam
465 2191 588 2258 vocant,
622 2185 805 2260 autumnique
833 2180 970 2243 imbribus
996 2183 1172 2260 pinguescit.

160 2265 323 2342 'quinimmo
338 2265 451 2326 nebulis
467 2263 520 2332 una
536 2267 634 2341 alitur,
654 2266 692 2328 ob
707 2265 906 2328 ldllavennati
921 2284 992 2343 agro
1004 2267 1171 2344 peculiaris.

169 2345 367 2410 Vennuoulam
386 2352 460 2410 inter
482 2360 599 2428 optume
619 2349 841 2412 deflorescentis
859 2359 889 2410 et
912 2350 979 2410 ollis
995 2352 1201 2428 aptissimamrs

137 2501 142 2506 ,
172 2429 310 2510 Campani
325 2433 433 2494 malunt
454 2435 597 2494 surculam
613 2451 740 2509 vocare,
768 2434 816 2495 alii
833 2435 997 2512 scapulam,
1016 2433 1172 2494 Tarracina

171 2517 374 2593 camisianum,
396 2513 489 2578 nullas
505 2518 574 2578 viris
589 2519 722 2596 proprias
739 2517 909 2594 habeatem,
926 2517 984 2578 ,sed
999 2527 1089 2578 totam
1106 2537 1171 2597 per·

50 2615 55 2622 ·
171 2597 237 2658 inde
256 2615 291 2658 ao
312 2599 405 2660 solum
420 2601 537 2676 valent,
559 2602 734 2662 surrentinis
752 2611 848 2666 tamen
864 2601 1067 2664 efficacissima
1089 2603 1170 2661 testis

127 2689 163 2748 ss
176 2679 307 2747 Vesuvio
320 2690 412 2745 tenus.
436 2685 476 2746 ibi
489 2686 564 2746 enim
578 2683 788 2764 Murgentinus
801 2686 901 2747 Sicilia
910 2688 1070 2764 potissima,
1088 2703 1171 2764 mam

87 2814 91 2830 ,
170 2765 374 2844 Pompeianam
389 2768 476 2848 aliqui
491 2779 612 2845 vocant,
628 2769 708 2830 Latio
724 2771 837 2830 demum
852 2771 996 2844 feracem,
1012 2772 1086 2830 sicat
1104 2770 1199 2832 bor-³⁰

172 2851 256 2911 conia
275 2851 304 2910 in
325 2847 480 2930 Campania
495 2861 619 2915 tantum.
652 2873 669 2914 e
688 2855 804 2914 diverso
828 2847 966 2916 ereeraoa
979 2853 1112 2930 Vergilio
1128 2873 1170 2914 ar-

170 2936 239 3012 gitis
257 2934 333 2996 dieta
345 2935 421 2996 ubro
438 2937 530 2998 solnm
549 2938 650 2998 laetius
669 2938 753 3013 facit,
769 2938 833 3016 ipsa
848 2948 949 3000 contra
964 2938 1063 2998 imbris
1075 2947 1108 2998 et
1126 2957 1169 2998 se·

128 3017 131 3022 '
170 3027 284 3080 nectam
295 3019 467 3097 fortissima,
484 3024 551 3082 vino
563 3022 679 3101 quidem
693 3025 743 3081 vix
754 3039 846 3082 annue
861 3040 896 3082 ee
911 3023 1026 3082 vilitatis
1044 3021 1169 3086 cibariae

171 3103 224 3164 sed
235 3103 368 3166 ubertate
380 3106 547 3184 praecipua.
565 3105 684 3168 'folcrat
696 3116 725 3167 et
737 3125 827 3168 annos
838 3108 965 3181 mettica,
976 3114 1077 3165 eontra
1086 3122 1168 3166 omne

171 3186 250 3248 sidus
264 3188 435 3268 firmissima,
450 3189 646 3267 nigroaeino,
665 3192 737 3250 vinis
750 3193 778 3250 in
788 3199 935 3250 vetustate
947 3189 1198 3250 rufescentibas.³⁵

77 3269 88 3278 ’
128 3275 164 3334 db
236 3271 264 3332 3.
283 3273 335 3351 [7.Ι
351 3271 389 3334 Et
403 3273 542 3334 hactenns
556 3275 672 3352 publiea
687 3274 889 3352 suntg'eneua,
908 3283 1006 3335 cetera
1020 3275 1167 3351 regionam

171 3353 361 3434 locorumque
377 3367 424 3418 aut
439 3357 538 3418 exiis
554 3360 628 3418 inter
644 3378 677 3419 se
692 3361 776 3420 insita
791 3361 888 3422 mixta.
914 3358 1054 3438 siquidem
1069 3357 1167 3418 'fascis

172 3437 328 3512 peculiaris
356 3451 401 3502 est
422 3441 563 3503 Tudernis
593 3452 679 3522 atque
707 3443 856 3506 etiamnum
885 3442 1050 3504 Florentiae
1079 3443 1107 3502 in
1133 3444 1166 3502 iis
