2444 3908
155 175 197 238 60
503 158 535 232 οξ
551 183 647 230 rums
663 181 812 231 annuunt

153 361 239 402 unum
255 341 386 420 quamdiu
404 341 482 400 vivat
495 357 633 398 crescere
658 338 841 398 arbitrantur.
873 338 943 397 vivit
956 347 1061 398 entem
1076 337 1173 416 longe

153 437 211 487 tern
234 443 297 485 ore.

112 523 145 576 95
214 445 302 589 ¹239.)
325 509 418 569 llaior
432 508 581 568 altitudine
593 509 620 566 in
633 507 737 567 eodem
751 505 817 566 Nilo
831 506 916 570 belna
930 507 1172 586 hippopotamus

154 597 258 670 editur,
274 595 389 672 ungulis
407 594 480 653 binis
497 591 716 671 quaternatas,
733 593 822 652 dorso
838 593 905 670 eqni
921 601 951 650 et
968 591 1041 651 iuba
1061 602 1093 652 et
1108 593 1172 652 hin·
1209 653 1210 664 χ

153 682 222 756 nitu,
240 688 337 740 rostro
355 681 474 753 tammo,
491 677 582 746 canda
598 685 628 736 et
651 676 784 736 dentibus
808 693 941 755 aprorum
961 675 1094 737 aduncis
1116 676 1188 736 aeds

152 767 243 826 minus
259 765 365 838 noxiis,
377 763 503 840 tergoris
513 762 549 822 ad
562 770 642 822 scuta
654 763 814 840 galeasque
827 760 1067 839 inpenetrabilis,
1082 780 1172 840 prae-

152 860 282 927 terquam
305 849 330 905 si
347 865 448 906 umore
472 847 614 906 madeant.
645 846 811 925 depascitur
827 855 947 924 segetes
962 846 1172 906 destinatione

153 943 230 1006 ante,
248 943 279 991 nt
300 932 410 1006 ierunt,
433 931 636 990 determinatas
651 932 680 989 in
704 931 778 991 diem
801 939 831 988 et
856 949 893 990 ex
907 946 978 1007 agro
996 931 1172 990 ier-entibus

151 1017 295 1093 vestigiis,
312 1033 439 1093 nequae
457 1017 615 1075 revertenti
628 1016 749 1076 insidiae
767 1025 971 1093 conparentur.

110 1114 144 1168 96
216 1100 265 1159 26.
284 1100 367 1179 (40.)
386 1099 495 1159 Primus
510 1117 575 1158 eum
588 1108 616 1158 et
629 1102 755 1178 quinque
771 1099 939 1160 crocodilos
950 1097 1068 1159 Romae
1085 1099 1168 1160 aedi·
1180 1109 1197 1148 u

152 1185 241 1245 litatis
256 1201 326 1244 suae
342 1185 416 1243 ludis
432 1183 469 1243 Μ.
482 1185 609 1244 Scaurus
624 1185 800 1262 temporario
815 1185 918 1262 euripo
935 1183 1078 1242 ostendit.
1095 1183 1169 1262 Hip

153 1271 349 1348 popotamue
341 1287 368 1327 ιιι
385 1268 505 1346 quadam
521 1269 653 1327 medendi
670 1277 752 1347 parte
774 1269 858 1327 etiam
881 1269 1021 1366 magister
1036 1269 1167 1328 exstitit.

153 1355 271 1414 adsidua
283 1369 408 1440 namque
427 1353 560 1413 satietate
572 1353 681 1412 obesus
703 1353 788 1412 exit
779 1371 807 1410 m
825 1352 892 1412 litus
908 1351 1037 1411 recentis
1054 1352 1168 1412 harun-

153 1439 246 1499 dinum
264 1454 400 1496 caesuras
416 1437 595 1514 speculatum
602 1447 696 1515 atque
719 1436 767 1495 ubi
785 1438 979 1495 acutissimum
994 1435 1083 1495 videt
1100 1440 1168 1496 stir-

152 1541 217 1601 pem
234 1523 390 1598 inprhnena
410 1537 516 1598 corpus
535 1539 636 1580 venam
658 1520 823 1600 quandam
814 1539 843 1581 ιιι
859 1538 942 1580 crure
963 1519 1106 1580 voluerat
1124 1531 1167 1580 at·
1176 1529 1194 1569 1⁵

153 1623 210 1682 que
226 1607 263 1662 ita
287 1603 429 1682 profluvio
447 1607 592 1681 sanguinis
612 1605 770 1665 morbidum
784 1605 865 1664 alias
882 1621 988 1683 corpus
1016 1614 1168 1668 exonerat

152 1697 182 1747 et
196 1687 310 1767 plagam
330 1689 398 1748 limo
413 1705 513 1747 rursus
529 1689 655 1749 obducit.

110 1784 144 1839 97
216 1771 265 1832 27.
284 1773 368 1851 (41.)
392 1773 491 1832 Simile
511 1774 644 1850 qatiddam
667 1783 696 1833 et
709 1775 862 1834 volucris
852 1792 881 1832 ιιι
899 1772 1001 1833 eadem
1016 1772 1167 1851 Aegypto

69 1919 73 1935 ‚
152 1857 332 1932 monstravit,
349 1875 425 1936 quae
440 1867 561 1918 vocatur
576 1857 640 1934 ibis,
656 1861 743 1918 rostri
758 1858 922 1918 aduncitate
941 1875 1076 1936 peream
1097 1876 1165 1936 par·

152 1950 210 2000 tem
226 1957 258 1998 se
276 1941 413 2018 perluens
435 1957 489 2019 qua
512 1941 594 2001 reddi
621 1941 750 2002 ciborum
775 1961 864 2002 onera
886 1959 1017 2000 maxume
1040 1941 1191 2000 salubres

153 2033 206 2084 est.
239 2022 302 2084 Nea
314 2025 388 2085 haec
403 2025 467 2088 sola
482 2027 749 2086 mutisaninralibus
764 2036 882 2104 reperta
898 2030 963 2084 subt
979 2027 1044 2084 usui
1061 2025 1165 2085 futura

154 2107 308 2168 ethomini.
327 2110 497 2170 dictamnum
512 2109 631 2170 herbam
650 2110 834 2171 extrahendis
850 2111 963 2186 sagittis
983 2112 1063 2168 cervi
1076 2127 1163 2169 mon·

153 2203 284 2254 stravere
307 2197 440 2272 percussi
466 2212 502 2254 eo
530 2192 589 2254 telo
607 2203 748 2274 pastuque
775 2194 959 2253 herbaeeius
984 2193 1096 2254 electo.
1122 2229 1161 2239 -—

152 2279 238 2338 iidem
254 2281 386 2356 percussi
403 2279 607 2358 aphalangio‚
631 2279 708 2357 quod
730 2287 775 2337 eet
797 2280 894 2338 aranei
909 2297 1018 2354 genus,
1041 2287 1093 2336 aut
1109 2280 1161 2338 ali-

152 2381 208 2441 quo
225 2363 310 2422 simili
335 2380 457 2422 canoros
480 2363 593 2424 edendo
611 2364 666 2421 sibi
689 2363 850 2435 medentur.
867 2395 908 2406 -
929 2371 1018 2421 estet
1038 2360 1075 2422 ad
1095 2380 1189 2422 ser-as

151 2447 278 2523 pontium
292 2448 365 2505 ictus
377 2448 546 2523 praecipua,
564 2465 619 2525 qua
636 2447 785 2517 selacerti
802 2447 935 2524 quotiens
950 2463 1011 2505 oum
1023 2446 1069 2505 his
1088 2465 1160 2507 con·

108 2541 274 2606 asseruere
290 2546 414 2605 pugnam
433 2530 576 2589 volnerati
600 2532 742 2590 refovent.
769 2529 960 2590 chelidoniam
982 2533 1054 2590 visui
1080 2531 1160 2591 salu·

151 2613 304 2671 berrimam
331 2613 495 2673 hirundines
522 2623 721 2690 monstravere
749 2617 861 2674 vexatis
891 2615 1034 2694 pullorum
1062 2617 1159 2674 oculis

150 2696 200 2755 illa
223 2695 385 2755 medentes.
416 2697 533 2756 testado
556 2699 668 2758 cunilae
691 2717 775 2778 quam
797 2698 932 2759 bubulam
948 2705 1056 2758 vocant
1071 2709 1158 2778 pastu

150 2780 220 2840 uiris
236 2787 336 2839 contra
351 2783 497 2860 serpentis
517 2784 642 2858 refovet,
664 2784 785 2844 mnistela
803 2794 865 2843 ruta
880 2785 908 2841 in
930 2784 1048 2841 muriam
1066 2802 1156 2844 vena
1167 2795 1188 2836 ³⁰

151 2874 208 2924 tum
233 2880 295 2922 cum
319 2865 354 2922 iis
372 2866 554 2928 dimicatione
571 2878 716 2927 conserta
748 2869 859 2927 ciconia
876 2869 1014 2944 origano,
1026 2867 1158 2926 ¹hedera

151 2949 222 3048 apri·
236 2949 265 3006 in
287 2948 396 3008 morbis
413 2950 468 3010 sibi
489 2953 642 3012 medentur
661 2962 690 3012 et
708 2970 830 3011 cancros
850 2951 1000 3010 vescendo
1022 2969 1158 3011 murinae

107 3043 142 3096 99
152 3051 222 3096 marr
246 3033 368 3092 eiectos.
399 3036 501 3112 anguis
529 3037 649 3097 hiberno
672 3039 727 3096 situ
750 3036 914 3096 membrana
941 3036 1076 3113 corporis
1104 3035 1157 3095 ob·

133 3119 234 3178 ducta
255 3117 375 3178 feniculi
392 3137 463 3178 suco
485 3121 706 3199 inpedimentum
726 3121 797 3181 illud
814 3123 892 3180 eruit
909 3121 1076 3199 nitidusque
1090 3139 1156 3180 ver·

150 3212 206 3261 nat.
236 3203 314 3262 exuit
331 3213 426 3262 autem
439 3222 455 3264 a
472 3207 567 3282 capite
580 3207 710 3284 primum,
728 3223 785 3264 nec
799 3204 926 3265 celerius
939 3223 1024 3283 quam
1037 3222 1094 3264 uno
1107 3205 1185 3265 dieas

150 3294 180 3344 et
197 3295 300 3362 nocte,
315 3288 464 3366 replicans
486 3298 516 3347 ut
530 3299 613 3349 extra
628 3291 676 3348 hat
696 3288 880 3349 membranae
903 3289 980 3366 quod
1003 3289 1121 3348 inerit
1112 3307 1152 3347 ιιι-

149 3377 204 3427 tus.
220 3371 295 3429 idem
312 3371 432 3432 hiberna
448 3373 559 3432 latebra
575 3375 638 3434 visu
656 3374 810 3433 obscurato
828 3373 973 3432 maratbro
993 3373 1104 3432 herbae
1117 3391 1150 3432 se

149 3450 292 3512 adhicans
311 3458 413 3516 oculos
431 3460 561 3534 inunguit
576 3477 612 3516 ac
630 3454 763 3531 relevet‚'
789 3457 815 3514 si
841 3473 913 3514 vero
937 3474 1075 3534 squamae
1097 3455 1146 3516 ob
