2444 3910
342 158 422 206 nnn.
445 157 535 206 rursu.
559 158 622 206 vn.
646 155 688 208 56.
718 146 794 223 (57.)
843 223 850 233 .
1021 149 1062 216 39

42 315 164 378 lenus.
207 313 316 390 regiam
338 313 481 375 civitatem
502 311 658 390 Aegyptii,
677 313 847 390 popularem
872 315 960 378 Attici
978 329 1104 396 postaoo

42 397 214 471 Theseum.
239 405 375 470 tyrannus
392 398 498 473 primus
512 395 563 454 iuit
581 394 709 456 Phalaris
720 395 889 476 Agraganti.
914 404 1082 463 servitium·

45 479 442 542 iuveacreLacedaemonii.
453 479 597 540 iudicium
613 480 714 558 capitis
730 482 758 540 in
769 481 928 560 Areopago
941 487 1061 562 primum

46 575 157 627 actum
175 573 230 624 est.
261 564 404 642 proelium
421 564 484 624 Airi
502 573 600 624 contra
617 563 780 643 Aegyptios
795 567 877 644 primi
899 566 1000 630 fecere
1016 571 1059 630 iu-

5 663 26 720 5
46 649 171 723 stibus,
192 665 265 728 quos
286 658 391 718 vocant
410 646 576 726 phalangas.
616 647 729 724 clipeos
752 650 921 710 invenerunt
937 650 1079 732 Proetus⁸

46 744 83 794 et
103 733 238 805 Acrisius
254 733 328 792 inter
343 751 375 791 se
393 731 547 806 bellantes,
557 733 625 791 ‚sive
641 729 768 794 Chalcus
784 732 960 794 Athamantis
974 735 1059 811 filius,

45 815 303 882 loricambiidias
324 812 503 892 Messenius,
525 816 655 892 galeam,
676 816 819 894 gladium,
842 817 950 879 hastam
970 818 1060 878 bace·
1160 861 1170 877 .

46 901 220 974 daemonii,
242 918 346 972 ocreas
363 909 391 960 et
413 902 514 964 cristas
532 898 631 960 Cares.
662 919 759 961 arcum
778 911 806 960 et
823 903 955 978 sagittam
971 902 1042 978 Scy·
1051 913 1101 967 201

47 987 129 1046 then
146 985 224 1046 loris
242 985 344 1060 lilium,
362 985 410 1046 alii
428 986 548 1064 sagittas
566 983 675 1045 Persen
689 984 789 1044 Persei
806 985 892 1045 lilium
914 987 1059 1068 invenisse

5 1071 170 1144 indicunt,
188 1068 305 1130 lanceas
321 1068 455 1144 Aetolos,
473 1069 595 1132 iaculum
607 1086 670 1127 cum
686 1079 826 1128 ammento
839 1069 974 1140 Aetolum
987 1067 1060 1129 blar-

49 1156 93 1214 tis
112 1153 216 1228 lilium,
233 1153 331 1213 hastas
347 1154 476 1213 velitaris
493 1152 651 1227 Tyrrenum
669 1159 699 1210 et
720 1153 825 1230 pilum,
847 1152 1061 1214 Penthesileam

50 1238 246 1312 Amazonem
259 1239 397 1312 securim,
420 1237 551 1296 Pisaeum
566 1236 708 1296 venabula
724 1245 753 1294 et
770 1238 797 1294 in
814 1241 964 1296 tormentis
979 1254 1060 1296 scor·

50 1325 193 1401 pionem,
210 1319 312 1382 Cretas
329 1321 516 1399 catapultam,
539 1319 774 1398 Syrophoenicen
795 1319 938 1381 ballistam
955 1330 984 1380 et
999 1320 1060 1380 iun·
1115 1328 1116 1331 ’

52 1407 141 1480 dam,
160 1423 279 1466 aeneam
298 1405 393 1466 tubam
410 1405 541 1464 Pisaeum
563 1402 734 1479 Tyrrenum,
752 1405 911 1464 testudines
926 1404 1060 1463 Artemo·

5 1505 125 1562 senem
148 1487 370 1550 Clazomenium.
403 1505 506 1566 equom
532 1489 597 1568 (qui
618 1505 692 1546 nunc
718 1489 795 1550 aries
817 1486 994 1567 appellatur)
1015 1489 1102 1552 inittz

52 1573 217 1634 muralibus
235 1572 372 1633 machinis
395 1571 505 1650 lipeum
525 1572 559 1632 ad
581 1568 711 1646 Troiam,
739 1589 814 1650 equo
835 1571 902 1631 vehi
928 1571 1059 1632 bellero-

53 1658 217 1736 phontem,
242 1657 342 1716 irenes
363 1665 391 1714 et
412 1666 501 1716 strata
522 1673 661 1735 equorum
678 1654 908 1731 Pelethronium,
930 1673 1060 1734 pugnare

55 1760 98 1800 cx
116 1757 194 1818 equo
210 1739 368 1814 Thessalos
386 1742 433 1818 qui
456 1737 590 1800 Centauri
611 1738 748 1818 appellati
766 1739 830 1800 sunt
845 1739 999 1800 habitantis
1014 1744 1060 1798 se-

56 1825 184 1886 cundum
200 1822 308 1884 Pelium
329 1834 463 1884 montem.
497 1823 580 1902 bigas
595 1824 685 1903 prima
709 1825 798 1882 iunxit
813 1824 955 1900 Phrygum
972 1825 1060 1899 natio,

12 1909 217 1988 acquadrigas
232 1907 446 1970 Erichthonius.
479 1909 607 1968 ordinem
630 1909 792 1982 exercitus,
815 1908 888 1984 signi
905 1908 1059 1981 dationem,

54 2003 207 2065 tesseras,
223 1993 338 2070 vigilias
352 1992 521 2052 Palamedes
537 1992 643 2052 invenit
659 1990 782 2052 Troiano
804 1990 901 2064 bello,
927 1991 1060 2067 specula·

55 2096 120 2137 rum
138 2075 378 2154 significationem
396 2075 501 2134 ecdem
518 2077 624 2151 Sinon,
640 2074 769 2134 inducias
789 2072 926 2149 Lycaon,
940 2074 1061 2133 foedera

56 2161 203 2220 Theseus.
237 2161 354 2236 auguria
370 2178 408 2220 cx
423 2161 524 2220 avibus
540 2157 597 2220 Car
609 2179 625 2218 a
638 2175 695 2237 quc
708 2155 792 2218 Caria
808 2156 963 2235 appellata.
995 2156 1042 2215 ad·
1052 2165 1103 2220 203

56 2245 128 2305 iecit
155 2262 193 2304 ex
215 2245 321 2302 ceteris
348 2243 517 2302 animalibus
540 2242 689 2320 Orpheus,
712 2240 894 2316 haruspicem
918 2237 1059 2315 Delphus,

19 2329 213 2406 ²⁵ignispieia
240 2327 445 2406 Amphiaraus,
474 2327 602 2403 auspicia
623 2326 716 2385 avium
742 2316 868 2384 Tiresias
895 2321 1059 2395 Thebanus,

57 2412 325 2489 interpretationem
339 2419 515 2470 ostentorum
527 2419 556 2470 et
566 2410 741 2470 somniorum
752 2405 956 2484 Amphictyon,
969 2413 1060 2464 astro·

58 2497 168 2573 logiam
186 2495 268 2554 Atlas
289 2495 396 2569 Libyae
419 2493 509 2568 filius,
529 2503 559 2554 nt
580 2495 628 2555 alii
649 2493 805 2570 Aegyptii,
824 2498 854 2548 ut
872 2491 919 2551 alii
935 2489 1059 2563 Assyrii,

57 2580 214 2659 sphaeram
232 2580 259 2637 in
280 2597 315 2639 ea
335 2577 465 2638 Milesius
489 2575 718 2652 Anaximander,
745 2583 896 2634 ventorum
921 2573 1062 2633 rationem

58 2663 172 2742 Aeolus
191 2660 322 2722 Hellenis
342 2663 427 2722 filius.
458 2664 594 2724 musicam
615 2660 774 2739 Amphion,
799 2657 921 2720 fistulam
939 2667 968 2717 et
984 2663 1105 2718 motti
1207 2708 1212 2718 .

24 2747 174 2806 ³⁰naulum
191 2747 249 2806 Pan
264 2745 405 2822 Mercuri,
427 2747 572 2824 obliquam
586 2746 683 2805 tibiam
700 2743 790 2804 Midas
806 2744 833 2802 iu
851 2743 1060 2830 Pbrygiapge·

58 2835 151 2894 minas
166 2831 251 2892 tibias
268 2829 398 2905 liarsyas
417 2832 445 2889 in
466 2831 567 2891 eadem
583 2838 690 2908 gente,
713 2826 819 2902 Lydius
840 2824 1060 2887 moduloszihm-

59 2917 165 2995 phion,
193 2915 301 2976 Darios
324 2913 474 2989 Thamyris
495 2913 607 2989 Thrax,
630 2912 772 2990 Phrygios
799 2909 928 2984 Marsyas
954 2905 1059 2978 Phryx,

61 3000 200 3076 citharam
220 2999 381 3077 Amphion,
406 3007 436 3058 ut
458 2999 507 3058 alii
529 2995 680 3076 Orpheus,
700 3004 731 3054 ut
754 2995 801 3054 alii
822 2993 922 3066 Linus,
948 2996 1061 3065 septem

60 3075 177 3144 chordis
195 3082 299 3146 additis
319 3081 504 3162 Terpander,
527 3091 657 3142 octavam
679 3077 840 3139 Simonides
863 3073 985 3168 addidit,
1010 3085 1060 3128 no·

29 3172 123 3226 ³⁵nam
139 3164 315 3227 Timotheus.
348 3167 455 3226 cithara
471 3168 533 3225 sine
555 3182 629 3224 voce
647 3163 752 3224 cecinit
773 3161 920 3234 Thamyris
942 3171 1059 3232 primus,

60 3269 125 3312 cum
142 3259 228 3311 cantu
242 3250 296 3310 Am
319 3251 397 3326 hion,
414 3260 444 3310 ut
461 3251 508 3309 alii
523 3249 618 3308 Linus.
649 3246 844 3306 citharoedica
858 3240 980 3300 carmina
994 3253 1060 3294 ceu-

59 3336 156 3413 posuit
174 3270 351 3412 Terpander.
385 3350 448 3392 cum
470 3333 546 3392 tibiis
571 3349 675 3392 canere
698 3349 773 3390 voce
794 3323 971 3388 Troezenius
988 3320 1061 3417 Dar·
1137 3405 1139 3412 Α

59 3419 151 3482 danus
166 3418 292 3477 instituit.
320 3418 501 3480 saltationem
519 3425 654 3477 armatam
671 3413 793 3474 Curetes
811 3411 954 3483 docuere,
971 3421 1063 3486 pyrru-
