2482 3910
194 187 254 253 190
518 193 831 244 c.uu1n1sncusna

151 366 201 422 18⁵1
210 356 326 415 viscere
346 353 442 414 hostis
457 353 559 412 virere
577 367 613 410 an
634 351 671 412 ad
686 359 800 430 tempus
821 350 958 410 amiserit.
988 347 1125 424 lleqatur
1142 363 1203 406 cre

191 442 262 500 mari
288 452 379 518 posse
402 437 433 496 in
451 438 486 496 iis
506 436 555 515 qui
581 436 716 497 cardiaco
734 433 837 494 morbo
858 435 1002 508 odierint,
1024 439 1154 509 negatur
1177 438 1205 490 et

192 539 306 584 veneno
328 522 519 600 interemptis.
538 529 619 580 certe
631 527 726 580 exstat
737 518 830 578 oratio
838 515 938 578 Vitelli
950 515 1149 595 quaenam
1161 514 1203 574 l’i·

192 624 292 669 sonem
308 608 372 668 eius
389 605 512 667 sceleris
529 603 664 681 coarguit
679 603 737 664 noc
752 619 822 664 usus
838 612 1026 681 argumento,
1044 601 1202 680 palamque

91 696 96 704 ⁸
178 691 313 754 ‘testatus
333 707 391 752 non
414 691 547 770 potuisse
572 687 612 747 ob
635 705 776 748 uenenum
802 703 855 747 cor
875 686 1039 748 Germanici
1061 683 1219 746 Caesaries

192 778 324 840 cremati.
359 785 459 836 contra
473 789 586 851 genere
601 771 694 832 morbi
712 772 851 832 deiensns
868 781 914 832 est
927 769 1005 832 l'iso.

150 872 201 928 188
259 860 344 940 (72.)
367 859 426 920 Sub
442 875 479 918 eo
495 857 594 936 pulmo
609 865 656 916 est
668 857 854 938 spirandique
867 855 985 916 cilicina
1001 855 1154 915 attrahens
1168 871 1200 913 ac

191 947 320 1007 reddens
348 945 486 1018 animam,
515 941 626 1004 idcirco
659 957 844 1020 spongeosus
870 959 906 1001 ac
924 939 1040 1001 datalis
1068 939 1200 1000 inuiam

150 1046 308 1090 carcenos.
344 1043 533 1107 pantaucum,
556 1035 587 1085 ut
600 1025 708 1086 dimam
722 1035 783 1101 est,
806 1025 912 1086 habent
928 1023 1075 1104 aquatilia.
1106 1033 1139 1084 at
1154 1041 1199 1083 ce

190 1125 254 1175 tera
270 1129 325 1173 ora
337 1112 477 1192 parientia
489 1112 641 1188 exiguum,
658 1125 824 1188 spumosum
838 1127 895 1170 nec
907 1110 1106 1186 sanguineum.
1137 1109 1197 1170 idac
1206 1129 1224 1170 n

192 1215 250 1260 uon
270 1198 377 1258 sitiunt.
413 1197 516 1257 eadem
535 1204 582 1254 est
607 1211 695 1258 causa
716 1209 805 1273 quare
828 1191 881 1254 sub
899 1211 976 1272 equa
998 1192 1045 1252 diu
1060 1209 1155 1254 ranae
1173 1200 1199 1252 et
1233 1199 1234 1208 ’

192 1283 306 1364 phocae
322 1284 479 1343 orirentur.
508 1279 625 1340 testudo
643 1293 778 1358 quoque,
796 1280 928 1358 quarm
943 1278 1160 1358 praegrandem
1174 1285 1200 1336 et

192 1367 245 1429 sub
256 1377 319 1428 toto
332 1367 492 1445 tegimento
504 1362 620 1438 habeat,
633 1363 696 1424 sine
708 1364 848 1440 sauguine
859 1373 956 1424 umen
968 1359 1068 1422 lanea.
1086 1359 1198 1436 Quanto

191 1453 284 1514 minor
312 1452 360 1512 hic
390 1448 564 1528 corporibus
589 1455 668 1508 tanto
695 1446 838 1508 velocitas
868 1448 969 1508 maior.
999 1445 1201 1507 chmnaeleoni

189 1537 329 1616 portione
343 1549 491 1595 maxumus
510 1542 539 1592 et
554 1531 623 1592 nilall
637 1531 714 1592 aliud
731 1533 816 1592 intus.
1206 1551 1221 1592 u

150 1630 201 1685 189
260 1619 344 1698 (73.)
369 1618 454 1678 lecur
473 1618 501 1676 iu
517 1617 640 1677 dextere
661 1623 744 1695 purte
760 1625 815 1676 est.
845 1619 873 1676 in
897 1631 935 1676 ec
949 1617 1029 1696 quod
1045 1623 1138 1694 caput
1153 1633 1198 1675 ex-

191 1714 285 1763 torum
299 1711 406 1762 vocant
422 1717 544 1778 magnae
562 1701 721 1761 varietatis.
752 1699 791 1760 ll.
808 1699 950 1761 llarcellc
968 1701 1048 1762 circa
1065 1709 1198 1774 momen,

194 1804 257 1847 cum
275 1787 362 1864 periit
377 1784 414 1845 ab
429 1783 605 1860 Hannibale,
622 1785 714 1846 deluit
725 1785 753 1845 ln
765 1786 850 1846 extis.
881 1785 1015 1864 sequenti
1030 1784 1142 1845 deinde
1156 1783 1199 1844 die

191 1871 335 1949 geminum
357 1876 507 1948 repertum
527 1877 583 1927 est.
617 1869 708 1930 deiult
730 1880 760 1931 et
777 1865 811 1930 (i.
827 1867 937 1946 llario,
960 1883 1025 1930 cum
1034 1869 1200 1934 mmclaret

191 1953 312 2032 Uticae,
330 1954 398 2014 item
411 1949 482 2014 (laic
495 1951 617 2032 principi
633 1953 767 2015 kalendis
778 1953 934 2030 ianuariis,
950 1971 1015 2014 cum
1030 1953 1121 2014 iniret
1135 1969 1225 2014 con-s

192 2039 315 2099 sulatum
337 2035 394 2118 quo
416 2051 490 2097 anno
513 2035 682 2097 interiectus
704 2047 765 2115 cst,
794 2035 916 2099 Claudio
941 2040 1115 2098 successori
1140 2039 1198 2098 eius

150 2131 266 2203 190quo
288 2140 388 2184 mense
408 2123 598 2200 interemptus
619 2131 665 2183 est
686 2138 810 2182 ueneno.
840 2124 908 2185 divo
929 2122 1064 2200 Augusto
1086 2123 1200 2202 Spoleti

191 2207 363 2271 sacrificanti
379 2205 472 2288 primo
487 2207 641 2286 potestatis
657 2224 727 2267 suae
743 2207 790 2268 die
805 2225 860 2267 sex
874 2208 1055 2268 victimarum
1070 2208 1199 2268 iocinera

190 2293 333 2374 replicata
348 2295 523 2354 intrinsecus
534 2290 571 2352 alr
585 2291 642 2352 ima
654 2289 725 2350 fibra
737 2299 856 2370 reperta
868 2301 949 2369 sunt,
965 2307 1199 2370 responsumque

164 2413 166 2418 Δ
191 2377 400 2458 duplicaturum
421 2379 494 2437 intra
518 2389 620 2435 aunum
641 2376 801 2457 imperium.
839 2373 933 2455 Caput
955 2385 1091 2437 extorum
1111 2376 1224 2438 tristius

192 2465 298 2522 ostenti
321 2477 437 2523 caesum
460 2475 577 2539 quoque
600 2467 663 2534 est,
686 2468 889 2539 praeterquam
905 2463 933 2520 in
950 2459 1152 2522 sollicitudine
1167 2478 1198 2520 ac

190 2553 278 2604 metu.
301 2553 369 2605 tunc
381 2545 456 2604 cuim
467 2544 590 2622 peremit
602 2559 697 2604 curas.
727 2541 797 2605 Bina
811 2545 940 2606 iocinera
955 2543 1112 2623 leporibus
1126 2547 1199 2606 circa

190 2626 329 2687 Briletum
349 2633 379 2688 et
393 2627 528 2688 Tharnen
550 2637 580 2686 et
603 2629 632 2686 iu
649 2625 835 2688 cherroneso
854 2629 891 2689 ad
903 2629 1132 2708 Propontidem,
1153 2630 1197 2690 nai·

190 2727 329 2788 rumque,
348 2711 493 2772 translatis
508 2711 566 2772 alio
582 2711 680 2774 interit
694 2713 824 2774 alterum.

135 2804 198 2860 ·191
258 2797 341 2874 (74.)
365 2795 397 2856 ln
412 2796 516 2857 ecdem
539 2805 585 2856 est
606 2797 647 2856 iel
669 2813 727 2858 non
751 2797 881 2858 omnibus
904 2797 999 2858 datum
1015 2799 1225 2865 animalibusua

189 2880 218 2938 in
244 2875 386 2940 Euboeae
415 2877 556 2941 Chalcide
583 2881 691 2940 nullum
712 2884 828 2961 pecori,
856 2883 885 2942 in
906 2877 990 2942 Naxo
1014 2884 1197 2962 praegrande

191 2965 410 3043 geminumque,
426 2971 457 3024 ct
471 2963 587 3043 prodigi
605 2965 673 3025 loco
685 2975 837 3045 utrumque
850 2965 990 3027 advenae.
1022 2971 1106 3046 eqni,
1124 2967 1197 3042 muli,

84 3083 90 3091 ,
191 3049 279 3125 asini,
303 3049 399 3123 cerri,
430 3063 573 3128 capreae,
602 3051 683 3136 apri,
707 3052 828 3127 cameli,
850 3051 979 3130 delphini
1000 3068 1060 3111 non
1081 3053 1196 3114 halma

189 3133 309 3194 murium
324 3132 414 3210 aliqul
428 3130 545 3193 labent.
575 3133 718 3195 hominum
731 3137 832 3214 paucis
847 3151 905 3194 non
918 3145 973 3212 est,
991 3153 1118 3216 quorum
1130 3137 1198 3198 vali·

149 3219 277 3282 lectudo
293 3217 402 3277 tirmior
418 3225 447 3276 et
460 3217 519 3277 rita
535 3219 661 3295 longior.
701 3221 773 3279 Sunt
790 3219 929 3300 quicque
950 3234 1007 3280 non
1030 3218 1153 3301 quidem
1172 3223 1225 3281 ius

189 3303 291 3363 iecore
315 3319 386 3362 esse
399 3300 451 3361 sed
470 3301 498 3360 in
515 3301 581 3361 alvo
601 3311 703 3382 putent
720 3313 749 3364 et
764 3305 898 3364 cervcia
915 3305 1006 3365 cauda
1021 3315 1071 3365 sut
1086 3307 1199 3367 intesti-

191 3386 244 3445 nis.
274 3385 341 3446 ideo
362 3395 467 3447 tantam
486 3387 699 3448 amaritudinem
721 3395 751 3447 ut
771 3402 787 3447 a
805 3388 923 3448 canibus
940 3405 997 3449 non
1012 3391 1198 3468 attingantur.

191 3463 243 3526 Est
259 3479 352 3529 autern
372 3471 442 3532 nihil
458 3470 535 3532 aliud
556 3487 640 3548 quam
655 3481 873 3551 purgamentum
890 3480 1118 3554 pessumumque
1136 3479 1199 3537 s'an·
