2462 3900
172 159 232 220 tta
253 165 258 178 ‘
525 169 557 218 c.
573 167 833 218 ammoneantur

90 394 97 408 l
170 337 344 390 staurentnr.
377 317 428 388 sed
443 327 571 388 cinerem
586 343 603 386 e
617 326 683 386 vltis
698 323 850 386 sarmentis
866 333 913 384 ant
928 341 1046 403 quercu
1063 325 1173 404 praete
1227 329 1229 342 ⁴

169 422 243 474 runt.
274 414 342 493 quin
358 421 388 472 et
404 412 539 472 marinam
555 426 657 490 aquarn
673 409 802 470 eiusdem
816 409 862 468 rei
875 411 969 486 gratia
982 425 1023 468 ex
1039 410 1107 470 alto
1123 410 1176 490 peti

169 496 268 560 iubent
284 497 454 574 servarique
470 493 507 554 ab
522 494 705 578 aequinoctio
720 509 830 568 verno,
845 502 895 554 aut
910 503 993 553 certe
1010 503 1107 557 nocte
1123 495 1176 554 sel·

169 583 247 642 stitio
274 589 304 642 et
330 581 466 658 aquilone
492 577 580 640 flaute
606 579 728 653 hauriri,
756 579 823 653 val,
853 580 877 638 si
900 579 979 638 circa
1001 579 1178 639 vindenm'aur

73 727 78 740 ,
129 666 352 741 reticeretur,
382 664 517 743 decoqui.
555 663 607 724 Pix
626 665 655 722 ln
674 662 757 724 ltalia
780 662 994 739 advesarius
1019 663 1197 724 carmadas

167 767 299 811 maxume
324 748 463 828 probatur
481 745 599 810 Bruttia.
633 748 663 810 ut
683 765 700 806 e
723 748 827 826 piceae
848 749 962 821 resina,
985 747 1016 806 in
1035 745 1179 826 Hispania

169 844 264 894 autem
286 853 303 894 e
325 833 462 912 pinastris
482 832 605 892 minume
625 831 750 892 laudata.
787 840 833 891 est
855 833 930 890 enim
953 833 1054 892 resina
1079 833 1179 892 lrarun

168 935 263 980 amara
288 927 317 977 et
343 917 423 978 arida
448 924 478 977 et
501 917 583 994 gravi
614 916 716 978 odore.
756 915 946 976 dilie‘reatiam
970 917 1180 998 rationemque

124 1001 176 1074 ,μ’
190 1002 328 1078 ¹faciendi
350 1015 491 1079 proxumo
507 999 652 1060 volumine
672 999 930 1061 demonstrabimus
948 1001 1027 1060 inter
1048 1001 1180 1060 arborea

156 1051 253 1145 'feras
284 1085 351 1144 vitia
364 1094 482 1166 praeter
497 1101 583 1162 supra
599 1084 675 1146 dicta
691 1101 761 1144 acor
775 1093 824 1144 ant
838 1083 972 1144 inmidum
988 1085 1085 1160 virus,
1104 1085 1206 1164 pic'mx

166 1177 260 1230 autem
277 1169 399 1254 aduptio.
433 1170 659 1248 experimentum
671 1186 760 1244 vero,
779 1170 804 1228 si
819 1168 980 1246 fragmenta
996 1169 1181 1243 sublucent

125 1263 176 1318 128
185 1271 220 1314 ac
237 1254 290 1314 sub
307 1253 395 1315 dente
411 1253 573 1314 lentescant
588 1270 677 1314 acore
694 1253 827 1314 iucundo.
855 1253 925 1312 Asia
940 1253 1036 1330 picem
1054 1251 1179 1314 Idaeam

165 1357 297 1400 maxume
332 1337 453 1418 probat,
490 1337 611 1398 Graecia
639 1339 797 1413 Piericam,
824 1336 972 1415 Vergilius
1001 1335 1177 1412 Naryciam,

166 1424 367 1502 diligentiores
393 1423 552 1484 admiscent
581 1424 692 1499 nigram
720 1422 896 1498 mastichen,
923 1439 998 1500 quac
1026 1425 1056 1482 in
1082 1422 1178 1482 Ponto
1227 1477 1229 1492 ,

163 1507 292 1568 bitumini
304 1507 404 1583 similis
415 1507 553 1584 gignitur,
566 1514 596 1566 et
606 1507 656 1566 iris
666 1505 794 1566 radicem
807 1505 971 1586 oleumque.
992 1523 1058 1566 nam
1076 1523 1205 1568 cerasus

164 1591 375 1670 accipientibus
391 1593 469 1652 vasis
487 1599 656 1671 conpertum
678 1600 723 1651 est
744 1592 808 1650 vina
826 1607 977 1651 acescere.
1006 1590 1063 1651 sed
1081 1599 1177 1653 trans·

162 1674 243 1734 ierne
259 1679 287 1734 in
303 1694 338 1735 ea
353 1693 423 1736 vasa
438 1675 467 1734 ia
483 1673 586 1754 quibus
603 1685 715 1736 acetum
730 1675 818 1736 luerit
834 1675 930 1736 utilius
946 1671 1077 1752 quanin
1096 1695 1134 1738 aa
1150 1679 1177 1735 in

122 1767 174 1821 129
188 1749 295 1836 quibus*
311 1758 396 1818 dulce
418 1767 466 1818 ant
486 1760 617 1819 mulsum.
656 1756 729 1819 Cato
750 1759 830 1818 iubet
853 1761 918 1820 vina
939 1761 1113 1820 concinnari
1135 1795 1177 1806 -

163 1841 220 1900 boc
233 1843 308 1901 enim
323 1843 410 1900 utitur
423 1841 515 1902 verbo
530 1875 573 1905 -,-
585 1845 690 1903 cineris
699 1842 779 1904 lixivi
792 1861 855 1903 cum
868 1843 982 1904 delrnto
995 1845 1076 1904 cocti
1090 1855 1174 1924 parte

164 1923 435 2002 quadragesimale
460 1925 601 2002 culleum,
624 1928 673 1987 vel
695 1928 764 1988 salis
787 1927 977 2006 sesquilibra,
1003 1929 1202 1990 interimat*

163 2015 248 2068 tunso
267 2026 422 2070 marmore.
452 2009 521 2071 lacit
543 2020 572 2071 et
595 2011 721 2090 sulpuris
743 2015 933 2087 mentionem,
957 2015 1076 2073 resinae
1100 2031 1173 2074 vero

121 2101 173 2156 leo
183 2094 212 2153 in
227 2095 402 2155 novissimis.
426 2112 515 2174 super
527 2097 620 2156 omnia
632 2097 698 2157 addi
711 2105 926 2156 maturescente
940 2097 995 2156 lam
1008 2099 1078 2157 vino
1093 2099 1174 2159 iubet

161 2187 301 2256 mustum,
326 2180 404 2258 quod
426 2177 477 2240 ille
498 2181 633 2240 tortivum
656 2181 800 2260 appellat,
824 2199 879 2241 nos
898 2181 1098 2258 intellegimus
1123 2201 1171 2243 no-

31 2317 45 2348 ,s
160 2265 278 2328 drame
299 2279 480 2344 expressum.
515 2274 544 2325 et
560 2264 697 2325 adicimus
714 2266 861 2342 tinguendi
878 2265 969 2344 gratia
985 2267 1129 2344 colores,
1145 2275 1172 2326 ut

161 2349 339 2426 pigmentum
356 2347 475 2428 aliquod
490 2349 566 2425 vini,
583 2358 670 2427 atque
688 2352 726 2409 ita
742 2351 875 2429 pinguius
893 2351 973 2425 lieri,
995 2358 1040 2410 tot
1057 2352 1199 2412 seneli-²⁸

83 2498 85 2510 1
161 2433 215 2491 ciis
226 2433 346 2512 placere
360 2434 488 2510 cogitur,
506 2443 535 2492 et
547 2434 681 2510 miramur
696 2436 812 2494 noxium
828 2453 905 2494 esse.
931 2433 964 2494 ln
976 2435 1076 2496 vitium
1088 2436 1169 2496 inoli

160 2515 254 2574 nautis
266 2517 493 2595 experimentum
505 2525 551 2576 est
560 2515 672 2578 lamna'a
683 2517 836 2596 plumbeae
847 2519 971 2579 muta‘tus
981 2520 1009 2578 in
1020 2537 1058 2578 eo
1073 2521 1167 2580 color.

119 2606 169 2659 131
246 2599 329 2678 (26.)
355 2598 504 2682 Proprium
527 2611 621 2661 autem
650 2603 724 2663 inter
750 2603 880 2682 liquores
904 2605 971 2662 vino
992 2621 1169 2666 mucescere

160 2682 252 2742 autin
269 2692 382 2743 acetum
403 2685 494 2761 verti,
519 2695 691 2765 exstantque
713 2687 874 2748 medicinae
897 2688 1053 2748 uolumina.
1087 2687 1169 2749 lt'aex

158 2765 216 2825 vini
232 2767 340 2827 siccata
353 2769 457 2848 recipit
471 2770 546 2848 ignis
562 2787 597 2830 ac
612 2772 673 2832 sine
689 2772 823 2832 alimento
837 2789 891 2850 per
907 2791 940 2832 se
952 2771 1066 2848 llagrnt.
1095 2775 1196 2833 cinistt

160 2852 222 2911 eins
242 2851 308 2911 nitri
323 2859 451 2914 naturam
466 2853 555 2916 habat
572 2854 749 2935 easdemque
766 2853 851 2932 viris,
877 2856 934 2916 boc
950 2850 1074 2934 amplius
1090 2857 1168 2935 quod

158 2937 292 3016 pinguior
310 2937 440 2996 sentitur.
861 3004 863 3012 ,

117 3029 168 3081 132
222 3020 272 3079 at.
297 3019 380 3099 (27.)
404 3019 507 3102 Magna
525 3034 555 3085 et
567 3022 694 3085 collecto
708 3026 763 3084 iam
773 3027 841 3085 vino
853 3025 1014 3086 differentia
1026 3025 1054 3083 in
1068 3025 1165 3086 caelo.

36 3108 39 3126 ‘
157 3104 235 3168 circa
251 3104 335 3185 Alpis
359 3105 464 3184 ligneis
487 3107 566 3168 vasis
590 3108 715 3188 condupi
730 3109 913 3190 circulisque
937 3111 1052 3188 cingunt
1076 3119 1166 3188 atque

158 3191 242 3249 etiam
258 3189 352 3250 hieme
368 3191 466 3268 gelida
482 3192 594 3269 ignibus
609 3161 739 3271 rigbfbtb
754 3203 864 3256 arcent.
889 3211 985 3256 rarum
1002 3195 1094 3272 dictu,
1111 3195 1192 3255 seda

157 3271 311 3354 aliquando
333 3276 436 3335 visam.
467 3279 560 3356 ruptis
575 3267 780 3338 rasis‘steterc
795 3277 940 3358 glaciatae
943 3279 1067 3510 &ulem
1094 3295 1162 3358 pro·

157 3356 216 3436 diqi
238 3359 342 3436 modo,
367 3361 501 3442 quoniam
524 3361 582 3420 vini
600 3369 701 3424 natura
723 3381 779 3422 non
795 3363 929 3440 gelascit.
945 3390 953 3408 v
995 3361 1041 3444 las*
1058 3363 1096 3424 ad
1112 3365 1161 3424 iri-

115 3447 167 3503 1³3
179 3457 233 3514 mus
257 3450 353 3520 stupet
374 3453 490 3506 tantum.
525 3445 658 3507 mitiores
670 3447 776 3526 plagae
797 3447 884 3525 doliis
905 3451 945 3509 oo'
981 3447 1036 3540 illut
1056 3448 1160 3510 iniudi-
1228 3463 1229 3490 i
