2482 3910
180 167 241 228 204
521 175 830 227 c.ur.rrt1sucuno1

181 350 287 394 sonare
305 331 441 394 credatur
457 340 538 410 saue3
554 335 624 394 itenr
638 331 803 412 aquatilium
820 335 951 412 pectines
969 333 1110 411 stridere,
1128 352 1193 396 curn

180 418 293 492 volant,
317 417 415 479 mollia
432 425 462 478 et
478 426 574 478 crusta
591 419 699 477 intecta
718 435 774 476 nec
789 433 893 477 vocem
908 435 963 476 nec
979 435 1082 478 sonum
1099 419 1193 479 ullum

179 501 298 563 habere.
330 501 383 570 ted
404 503 497 562 ceteri
519 503 635 580 pisces,
657 501 790 580 'quunrts
806 501 942 582 pulmone
964 510 993 561 et
1014 505 1128 562 arteria
1145 523 1191 564 ca-

179 595 271 661 reant,
288 603 347 646 non
358 587 386 644 iu
401 595 492 646 totum
504 587 566 646 sine
582 586 643 646 ullo
659 594 724 646 sunt
736 601 820 645 sono.
847 585 1001 646 stridorem
1017 605 1084 646 eum
1096 587 1191 648 denti-

179 669 233 730 bus
248 671 312 732 lieri
332 670 511 731 cavillantur.
540 679 570 730 et
588 671 612 729 is
631 671 679 748 spui
691 679 896 749 apervocatur
909 671 938 728 in
949 670 1089 730 Acheloo
1105 689 1210 731 annues

138 757 356 832 smgruunitutn
372 753 476 829 habet,
493 761 522 814 et
537 754 634 814 allide
651 753 756 832 quibus
774 754 905 814 diximus.
937 771 991 818 ora
1005 755 1190 833 parientibus

112 856 118 868 “
177 833 291 915 albulis,
311 838 498 916 serpentibus
520 839 641 916 longus,
663 837 800 898 testudini
822 838 983 916 abruptus.¹
999 841 1080 898 ranis
1098 856 1188 899 sonus

137 922 178 1010 ,¹4⁷3
188 926 232 982 sui
247 924 379 1000 generis,
395 932 426 981 ut
441 922 545 982 dictum
564 931 624 998 est,
643 957 685 969 -
700 923 797 983 nisisi
815 931 844 982 et
859 923 887 981 in
904 921 948 982 lrls
964 922 1089 982 ferenda
1107 923 1187 984 dubi·

177 1009 247 1068 tatio
261 1016 324 1082 est,
336 1039 378 1052 -
395 1008 461 1085 quia
473 1023 532 1066 vox
548 1008 576 1066 in
588 1023 640 1066 ore
653 1007 825 1085 concipitur,
842 1007 939 1066 nonin
951 1015 1086 1086 pectore.
1117 1007 1186 1067 mul·

177 1100 235 1150 tum
252 1091 390 1150 tamenin
405 1091 439 1149 iis
454 1091 547 1151 refert
561 1101 590 1150 et
605 1091 737 1151 locorum
751 1099 859 1152 namra.
891 1100 985 1150 mutae
1000 1092 1028 1149 in
1045 1089 1213 1156 llacedort

134 1175 241 1238 noenta
258 1175 420 1251 traduntur,
436 1178 505 1236 muti
516 1185 546 1236 et
561 1177 632 1254 apri.
665 1175 758 1235 arium
771 1175 957 1255 loquaciores
970 1192 1045 1253 quae
1056 1177 1186 1236 minores

177 1267 206 1318 et
222 1259 300 1319 circa
315 1261 408 1320 coitus
424 1277 565 1325 maxume.
598 1260 661 1320 aliis
677 1261 705 1318 in
720 1277 817 1338 pugna
830 1276 908 1334 von,
928 1267 958 1318 ut
975 1259 1185 1335 coturnicibus,

177 1343 242 1404 aliis
258 1352 323 1404 ante
340 1361 473 1423 pugnam,
489 1353 519 1404 ut
535 1343 712 1423 perdicibus,
730 1344 795 1403 aliis
811 1361 874 1403 eum
889 1345 999 1418 vicere,
1016 1353 1048 1402 ut
1063 1343 1184 1420 gallina-

177 1429 248 1488 ceis.
281 1429 382 1489 iisdem
394 1445 445 1488 stra
460 1428 603 1504 maribus,
621 1429 685 1488 aliis
701 1427 803 1489 eadem
816 1435 845 1487 et
856 1427 985 1502 lerninis,
999 1433 1035 1486 ¹ut
1049 1427 1184 1487 luscinia·

176 1531 237 1572 runt
254 1515 366 1589 generi.
396 1513 537 1592 quaedam
553 1521 614 1572 toto
627 1529 701 1571 anno
718 1519 833 1589 canunt,
850 1512 990 1589 quaedum
1009 1513 1100 1572 certis
1116 1521 1227 1575 tem-u.

133 1604 186 1659 269
198 1588 334 1673 poribus,
351 1606 383 1656 ut
399 1599 428 1655 in
443 1597 565 1674 singulis
580 1597 685 1656 dictum
705 1605 759 1656 est.
791 1595 931 1674 elephans
949 1596 1025 1654 eitra
1036 1595 1118 1656 uaris
1135 1613 1184 1655 ore

176 1679 242 1756 ipso
258 1689 455 1740 sternumento
467 1681 589 1742 similem
605 1680 686 1740 elidit
701 1697 818 1755 sonum,
834 1698 888 1758 per
899 1680 976 1738 naris
992 1687 1088 1738 autent
1104 1679 1183 1740 tuba·

178 1779 238 1834 rum
260 1765 401 1824 raucitati.
441 1763 534 1824 bubus
556 1773 663 1824 tantum
688 1764 802 1824 leminis
822 1781 882 1822 vox
918 1764 1052 1840 gratior,
1074 1765 1106 1822 iu
1130 1764 1183 1824 alio

177 1846 253 1904 omni
264 1863 377 1922 genere
393 1846 498 1906 exilior
513 1865 598 1924 quam
611 1848 748 1924 maribus,
764 1849 792 1906 in
809 1849 925 1908 homine
941 1849 1025 1907 etiam
1038 1848 1181 1920 castratis.

133 1928 311 1990 tlolnlantis
329 1932 357 1989 iu
379 1931 527 1992 nascendo
544 1932 621 1992 nulla
645 1933 756 1993 auditur
778 1941 844 1992 ante
859 1949 942 2009 quant
958 1941 1035 1992 totus
1052 1937 1211 2009 emergat„

175 2021 274 2072 utero.
310 2016 406 2092 primo
431 2033 527 2075 sermo
555 2017 699 2077 anniculo.
740 2017 794 2076 sed
821 2017 971 2077 semestris
997 2016 1115 2075 locutus
1142 2021 1184 2074 est

176 2095 281 2158 Croesi
301 2099 377 2162 lilius
401 2109 431 2160 et
446 2103 475 2160 in
492 2103 657 2180 crepundiis
678 2103 886 2180 prodigioque
904 2108 994 2160 totum
1008 2100 1037 2158 id
1057 2098 1184 2158 concidit

174 2199 304 2260 regnum.
342 2185 390 2265 qui
413 2185 539 2245 celerius
556 2186 610 2246 ieri
626 2202 755 2265 coepere
773 2185 881 2247 tardius
902 2183 1016 2260 ingredi
1033 2184 1182 2262 incipiunt.

174 2283 233 2326 tux
248 2268 403 2330 roboratur
417 2282 525 2330 axtm
536 2272 626 2330 aunis.
661 2271 764 2331 eadem
779 2271 807 2330 iu
824 2277 944 2329 senecta
956 2267 1073 2344 exilior,
1089 2281 1184 2344 neque

174 2352 201 2409 in
223 2352 281 2415 alio
303 2355 467 2414 animalium
493 2355 609 2433 saepius
631 2363 763 2414 mutatur.
800 2352 871 2414 llira
894 2359 1049 2432 praeterea
1068 2358 1135 2411 sunt
1148 2351 1211 2410 dest

173 2451 249 2494 soce
274 2437 363 2514 digna
390 2438 484 2497 dictu:
507 2439 685 2506 theatrorum
707 2440 736 2498 in
762 2439 921 2498 orchestris
944 2437 1036 2496 scobe
1055 2443 1108 2495 ‘aut
1137 2435 1183 2494 ha·

173 2535 244 2577 rena
271 2522 437 2597 superiacta
464 2521 620 2583 devoratur
645 2532 675 2582 et
698 2523 727 2581 in
742 2523 806 2582 rudi
831 2523 972 2602 parietum
998 2520 1184 2579 circumiectu

173 2600 259 2659 doliis
275 2604 361 2662 etiam
377 2603 518 2667 inanibus.
551 2609 640 2666 currit
653 2607 754 2667 eadem
770 2616 852 2666 recto
867 2605 916 2664 rel
930 2605 1074 2664 conchato
1090 2601 1183 2682 parie-

174 2691 232 2742 tum
256 2687 367 2764 spatio‚
392 2692 523 2766 quamvis
540 2691 597 2750 levi
614 2709 687 2750 sono
704 2691 781 2751 dicta
797 2689 888 2750 verba
908 2688 943 2748 ad
959 2689 1082 2748 alterurn
1100 2692 1185 2764 c‘aput

131 2765 366 2847 itlperierens,
387 2775 411 2832 si
432 2773 509 2834 nulla
531 2775 720 2853 inaequalitas
746 2774 892 2852 impediat.
927 2773 995 2833 Vox
1016 2773 1047 2830 iu
1070 2771 1212 2831 hominess

173 2871 305 2932 magnam
322 2855 419 2916 voltus
442 2858 531 2919 habet
551 2868 672 2937 purtem.
718 2859 922 2936 adgnoscimus
945 2875 979 2916 ea
999 2853 1081 2935 prius
1103 2869 1194 2932 quatu.

174 2955 327 2998 cernamus
347 2953 405 3000 nou
423 2941 507 3002 aliter
523 2960 608 3021 quam
628 2943 749 3019 oculis,¹
761 2943 940 3020 totidemque
958 2948 1024 3000 sunt
1041 2939 1186 3018 haequot

173 3024 201 3080 in
223 3039 320 3083 rerum
342 3031 441 3085 natura
465 3027 620 3104 mortales,
642 3037 677 3087 et
695 3045 746 3088 sua
771 3029 876 3106 cuique
895 3026 973 3085 sicut
987 3023 1092 3084 iacies.
1120 3021 1186 3082 hiae

175 3106 225 3168 illa
248 3109 375 3186 gentium
398 3117 501 3187 totque
522 3111 682 3188 linguarum
705 3119 768 3172 toto
783 3111 857 3171 orbe
872 3110 1044 3184 diuersitas,
1059 3107 1131 3167 hinc
1145 3111 1186 3164 tot

117 3217 119 3224 v
174 3201 276 3252 cantus
305 3202 335 3252 ct
357 3192 466 3253 moduli
486 3193 709 3276 flexionesque,
737 3196 790 3256 sed
812 3203 878 3255 aute
900 3197 994 3254 omnia
1017 3190 1213 3270 explanatiott

172 3276 273 3351 animi,
289 3295 364 3355 quae
378 3294 435 3338 nos
450 3278 579 3339 distinxit
594 3281 713 3355 aleris,
731 3289 759 3338 et
774 3281 849 3340 inter
866 3280 947 3358 ipsos
964 3292 1081 3355 quoque
1096 3273 1185 3334 homi·

172 3373 226 3417 nes
242 3360 397 3422 discrimen
414 3363 536 3422 alterum
552 3381 646 3444 aeque
658 3363 772 3444 ¹grande
785 3379 869 3441 quam
885 3381 901 3424 a
916 3361 1012 3422 beluis
1025 3360 1119 3420 iecltz'

128 3443 182 3501 272
252 3443 301 3502 52.
327 3447 434 3527 (113.)
449 3445 579 3508 blembra
593 3449 761 3510 animalibus
774 3447 898 3524 adgnata
913 3447 1022 3507 inutilia
1037 3450 1114 3521 sunt,
1128 3443 1186 3502 situ

310 3755 317 3786 l
