<?xml version="1.0" encoding="UTF-8"?>
<!DOCTYPE html PUBLIC "-//W3C//DTD XHTML 1.0 Transitional//EN"
    "http://www.w3.org/TR/xhtml1/DTD/xhtml1-transitional.dtd">
<html xmlns="http://www.w3.org/1999/xhtml" xml:lang="en" lang="en">
 <head>
  <title>
</title>
<meta http-equiv="Content-Type" content="text/html;charset=utf-8" />
  <meta name='ocr-system' content='tesseract 3.04.00' />
  <meta name='ocr-capabilities' content='ocr_page ocr_carea ocr_par ocr_line ocrx_word'/>
</head>
<body>
  <div class='ocr_page' id='page_1' title='image "./cplinisecundina12plingoog_0120.png"; bbox 0 0 2444 3908; ppageno 0'>
   <div class='ocr_carea' id='block_1_1' title="bbox 267 172 1113 286">
    <p class='ocr_par' dir='ltr' id='par_1_1' title="bbox 267 172 1113 286">
     <span class='ocr_line' id='line_1_1' title="bbox 267 172 1113 286; baseline 0.001 -21"><span class='ocrx_word' id='word_1_1' title='bbox 267 219 347 266; x_wconf 72' lang='lat' dir='ltr'>ndu.</span> <span class='ocrx_word' id='word_1_2' title='bbox 363 219 454 266; x_wconf 82' lang='lat' dir='ltr'>meu.</span> <span class='ocrx_word' id='word_1_3' title='bbox 471 219 545 267; x_wconf 85' lang='lat' dir='ltr'>vrrr.</span> <span class='ocrx_word' id='word_1_4' title='bbox 562 217 682 271; x_wconf 78' lang='lat'><strong>45-48.</strong></span> <span class='ocrx_word' id='word_1_5' title='bbox 701 209 853 286; x_wconf 79' lang='lat' dir='ltr'>(tc—ta.)</span> <span class='ocrx_word' id='word_1_6' title='bbox 1014 207 1054 267; x_wconf 82' lang='lat' dir='ltr'>tt</span> <span class='ocrx_word' id='word_1_7' title='bbox 1109 172 1113 179; x_wconf 15' lang='grc' dir='ltr'><strong>Ἰ</strong></span> 
     </span>
    </p>
   </div>
   <div class='ocr_carea' id='block_1_2' title="bbox 8 373 1120 1799">
    <p class='ocr_par' dir='ltr' id='par_1_2' title="bbox 8 373 1120 1799">
     <span class='ocr_line' id='line_1_2' title="bbox 9 373 1053 454; baseline 0.001 -21"><span class='ocrx_word' id='word_1_8' title='bbox 9 381 93 447; x_wconf 62' lang='lat' dir='ltr'>bru,</span> <span class='ocrx_word' id='word_1_9' title='bbox 115 373 186 431; x_wconf 88' lang='lat' dir='ltr'>suis</span> <span class='ocrx_word' id='word_1_10' title='bbox 203 381 232 431; x_wconf 85' lang='lat' dir='ltr'>et</span> <span class='ocrx_word' id='word_1_11' title='bbox 250 373 313 450; x_wconf 88' lang='lat' dir='ltr'>ipsa</span> <span class='ocrx_word' id='word_1_12' title='bbox 330 373 498 452; x_wconf 79' lang='lat' dir='ltr'>insignibus,</span> <span class='ocrx_word' id='word_1_13' title='bbox 519 393 688 454; x_wconf 88' lang='lat' dir='ltr'>quamquam</span> <span class='ocrx_word' id='word_1_14' title='bbox 704 376 784 452; x_wconf 81' lang='lat' dir='ltr'>aliis,</span> <span class='ocrx_word' id='word_1_15' title='bbox 806 391 981 454; x_wconf 82' lang='lat' dir='ltr'>semperque</span> <span class='ocrx_word' id='word_1_16' title='bbox 1003 391 1053 434; x_wconf 91' lang='lat' dir='ltr'>eo·</span> 
     </span>
     <span class='ocr_line' id='line_1_3' title="bbox 18 457 1056 537; baseline -0.001 -19"><span class='ocrx_word' id='word_1_17' title='bbox 18 459 107 518; x_wconf 80' lang='lat' dir='ltr'>(lem</span> <span class='ocrx_word' id='word_1_18' title='bbox 133 457 188 515; x_wconf 92' lang='lat' dir='ltr'>die</span> <span class='ocrx_word' id='word_1_19' title='bbox 211 467 240 515; x_wconf 89' lang='lat' dir='ltr'>et</span> <span class='ocrx_word' id='word_1_20' title='bbox 262 458 382 516; x_wconf 90' lang='lat' dir='ltr'>inveniri</span> <span class='ocrx_word' id='word_1_21' title='bbox 402 477 465 518; x_wconf 91' lang='lat' dir='ltr'>eam</span> <span class='ocrx_word' id='word_1_22' title='bbox 487 469 515 518; x_wconf 89' lang='lat' dir='ltr'>et</span> <span class='ocrx_word' id='word_1_23' title='bbox 537 460 680 536; x_wconf 80' lang='lat' dir='ltr'>exstingui</span> <span class='ocrx_word' id='word_1_24' title='bbox 701 460 823 519; x_wconf 88' lang='lat' dir='ltr'>tradunt.</span> <span class='ocrx_word' id='word_1_25' title='bbox 859 457 1056 537; x_wconf 81' lang='lat' dir='ltr'>blemphiest</span> 
     </span>
     <span class='ocr_line' id='line_1_4' title="bbox 20 539 1120 621; baseline 0.001 -20"><span class='ocrx_word' id='word_1_26' title='bbox 20 541 167 601; x_wconf 82' lang='lat' dir='ltr'>locus</span> <span class='ocrx_word' id='word_1_27' title='bbox 158 559 189 598; x_wconf 88' lang='grc' dir='ltr'>ιιι</span> <span class='ocrx_word' id='word_1_28' title='bbox 208 539 273 599; x_wconf 89' lang='lat' dir='ltr'>Nilo</span> <span class='ocrx_word' id='word_1_29' title='bbox 295 559 417 618; x_wconf 87' lang='lat' dir='ltr'>querna</span> <span class='ocrx_word' id='word_1_30' title='bbox 439 544 531 621; x_wconf 81' lang='lat' dir='ltr'>ligura</span> <span class='ocrx_word' id='word_1_31' title='bbox 553 553 658 604; x_wconf 85' lang='lat' dir='ltr'>vocant</span> <span class='ocrx_word' id='word_1_32' title='bbox 679 543 805 606; x_wconf 76' lang='lat' dir='ltr'>Phialam</span> <span class='ocrx_word' id='word_1_33' title='bbox 827 542 956 603; x_wconf 92' lang='lat' dir='ltr'>omnibus</span> <span class='ocrx_word' id='word_1_34' title='bbox 972 544 1054 604; x_wconf 86' lang='lat' dir='ltr'>annis</span> <span class='ocrx_word' id='word_1_35' title='bbox 1116 555 1120 560; x_wconf 83' lang='grc'>·</span> 
     </span>
     <span class='ocr_line' id='line_1_5' title="bbox 20 625 1054 713; baseline 0.002 -29"><span class='ocrx_word' id='word_1_36' title='bbox 20 625 77 684; x_wconf 89' lang='lat' dir='ltr'>ibi</span> <span class='ocrx_word' id='word_1_37' title='bbox 104 642 232 684; x_wconf 86' lang='lat' dir='ltr'>auream</span> <span class='ocrx_word' id='word_1_38' title='bbox 252 633 382 702; x_wconf 88' lang='lat' dir='ltr'>pateram</span> <span class='ocrx_word' id='word_1_39' title='bbox 407 638 630 706; x_wconf 81' lang='lat' dir='ltr'>argenteamque</span> <span class='ocrx_word' id='word_1_40' title='bbox 658 637 825 704; x_wconf 83' lang='lat' dir='ltr'>mergentes</span> <span class='ocrx_word' id='word_1_41' title='bbox 851 626 954 686; x_wconf 86' lang='lat' dir='ltr'>diebus</span> <span class='ocrx_word' id='word_1_42' title='bbox 981 643 1054 713; x_wconf 85' lang='lat' dir='ltr'>quos</span> 
     </span>
     <span class='ocr_line' id='line_1_6' title="bbox 23 707 1055 792; baseline 0.002 -24"><span class='ocrx_word' id='word_1_43' title='bbox 23 707 158 768; x_wconf 79' lang='lat' dir='ltr'>habent</span> <span class='ocrx_word' id='word_1_44' title='bbox 176 708 280 768; x_wconf 86' lang='lat' dir='ltr'>natalis</span> <span class='ocrx_word' id='word_1_45' title='bbox 285 710 377 788; x_wconf 85' lang='lat' dir='ltr'>Apis</span> <span class='ocrx_word' id='word_1_46' title='bbox 408 721 519 790; x_wconf 85' lang='lat' dir='ltr'>septam</span> <span class='ocrx_word' id='word_1_47' title='bbox 535 709 563 771; x_wconf 93' lang='lat' dir='ltr'>hi</span> <span class='ocrx_word' id='word_1_48' title='bbox 581 721 654 787; x_wconf 80' lang='lat' dir='ltr'>sunt,</span> <span class='ocrx_word' id='word_1_49' title='bbox 670 713 829 792; x_wconf 90' lang='lat' dir='ltr'>mirumque</span> <span class='ocrx_word' id='word_1_50' title='bbox 845 711 986 770; x_wconf 91' lang='lat' dir='ltr'>neminem</span> <span class='ocrx_word' id='word_1_51' title='bbox 1003 727 1055 789; x_wconf 90' lang='lat' dir='ltr'>per</span> 
     </span>
     <span class='ocr_line' id='line_1_7' title="bbox 8 793 1054 875; baseline 0.001 -22.015"><span class='ocrx_word' id='word_1_52' title='bbox 8 810 96 853; x_wconf 88' lang='lat' dir='ltr'>eos</span> <span class='ocrx_word' id='word_1_53' title='bbox 115 811 134 852; x_wconf 90' lang='lat' dir='ltr'>a</span> <span class='ocrx_word' id='word_1_54' title='bbox 150 793 310 852; x_wconf 90' lang='lat' dir='ltr'>crocodilis</span> <span class='ocrx_word' id='word_1_55' title='bbox 323 796 453 872; x_wconf 78' lang='lat' dir='ltr'>attingi,</span> <span class='ocrx_word' id='word_1_56' title='bbox 446 804 550 856; x_wconf 86' lang='lat' dir='ltr'>octavo</span> <span class='ocrx_word' id='word_1_57' title='bbox 568 806 635 875; x_wconf 91' lang='lat' dir='ltr'>post</span> <span class='ocrx_word' id='word_1_58' title='bbox 648 797 747 858; x_wconf 87' lang='lat' dir='ltr'>boram</span> <span class='ocrx_word' id='word_1_59' title='bbox 762 797 819 858; x_wconf 91' lang='lat' dir='ltr'>diei</span> <span class='ocrx_word' id='word_1_60' title='bbox 834 805 944 869; x_wconf 80' lang='lat' dir='ltr'>sextam</span> <span class='ocrx_word' id='word_1_61' title='bbox 957 794 1054 854; x_wconf 87' lang='lat' dir='ltr'>redire</span> 
     </span>
     <span class='ocr_line' id='line_1_8' title="bbox 24 876 328 941; baseline 0.01 -4"><span class='ocrx_word' id='word_1_62' title='bbox 24 877 156 938; x_wconf 84' lang='lat' dir='ltr'>beluae</span> <span class='ocrx_word' id='word_1_63' title='bbox 173 876 328 941; x_wconf 82' lang='lat' dir='ltr'>lenitatem.</span> 
     </span>
     <span class='ocr_line' id='line_1_9' title="bbox 109 961 1096 1043; baseline 0.005 -22"><span class='ocrx_word' id='word_1_64' title='bbox 109 963 165 1021; x_wconf 90' lang='lat'>47.</span> <span class='ocrx_word' id='word_1_65' title='bbox 186 961 270 1040; x_wconf 82' lang='lat'>(72.)</span> <span class='ocrx_word' id='word_1_66' title='bbox 299 962 403 1040; x_wconf 86' lang='lat' dir='ltr'>llagna</span> <span class='ocrx_word' id='word_1_67' title='bbox 424 973 453 1024; x_wconf 90' lang='lat' dir='ltr'>et</span> <span class='ocrx_word' id='word_1_68' title='bbox 477 965 579 1042; x_wconf 89' lang='lat' dir='ltr'>pecori</span> <span class='ocrx_word' id='word_1_69' title='bbox 601 964 695 1041; x_wconf 84' lang='lat' dir='ltr'>gratia</span> <span class='ocrx_word' id='word_1_70' title='bbox 716 963 764 1023; x_wconf 83' lang='lat' dir='ltr'>vel</span> <span class='ocrx_word' id='word_1_71' title='bbox 791 965 819 1022; x_wconf 94' lang='lat' dir='ltr'>in</span> <span class='ocrx_word' id='word_1_72' title='bbox 847 963 1036 1043; x_wconf 88' lang='lat' dir='ltr'>placamentis</span> <span class='ocrx_word' id='word_1_73' title='bbox 1047 973 1096 1028; x_wconf 87' lang='lat'>187</span> 
     </span>
     <span class='ocr_line' id='line_1_10' title="bbox 31 1046 1052 1108; baseline -0.001 -1"><span class='ocrx_word' id='word_1_74' title='bbox 31 1046 172 1107; x_wconf 88' lang='lat' dir='ltr'>deorum</span> <span class='ocrx_word' id='word_1_75' title='bbox 196 1046 246 1104; x_wconf 86' lang='lat' dir='ltr'>rel</span> <span class='ocrx_word' id='word_1_76' title='bbox 259 1047 286 1104; x_wconf 95' lang='lat' dir='ltr'>in</span> <span class='ocrx_word' id='word_1_77' title='bbox 303 1063 355 1106; x_wconf 88' lang='lat' dir='ltr'>usu</span> <span class='ocrx_word' id='word_1_78' title='bbox 376 1048 526 1108; x_wconf 89' lang='lat' dir='ltr'>vellerum.</span> <span class='ocrx_word' id='word_1_79' title='bbox 558 1057 588 1107; x_wconf 90' lang='lat' dir='ltr'>ut</span> <span class='ocrx_word' id='word_1_80' title='bbox 603 1049 702 1108; x_wconf 54' lang='lat' dir='ltr'>‘boves</span> <span class='ocrx_word' id='word_1_81' title='bbox 724 1048 829 1108; x_wconf 86' lang='lat' dir='ltr'>rictum</span> <span class='ocrx_word' id='word_1_82' title='bbox 844 1046 989 1108; x_wconf 87' lang='lat' dir='ltr'>homiuum</span> <span class='ocrx_word' id='word_1_83' title='bbox 1003 1065 1052 1106; x_wconf 84' lang='lat' dir='ltr'>ex-</span> 
     </span>
     <span class='ocr_line' id='line_1_11' title="bbox 8 1129 1053 1211; baseline -0.004 -17"><span class='ocrx_word' id='word_1_84' title='bbox 8 1129 151 1194; x_wconf 88' lang='lat' dir='ltr'>ocolunt</span> <span class='ocrx_word' id='word_1_85' title='bbox 172 1131 211 1188; x_wconf 88' lang='lat' dir='ltr'>ita</span> <span class='ocrx_word' id='word_1_86' title='bbox 233 1147 388 1209; x_wconf 89' lang='lat' dir='ltr'>corporum</span> <span class='ocrx_word' id='word_1_87' title='bbox 403 1133 493 1192; x_wconf 87' lang='lat' dir='ltr'>tutela</span> <span class='ocrx_word' id='word_1_88' title='bbox 515 1134 617 1211; x_wconf 88' lang='lat' dir='ltr'>pecori</span> <span class='ocrx_word' id='word_1_89' title='bbox 639 1131 770 1192; x_wconf 85' lang='lat' dir='ltr'>debetur.</span> <span class='ocrx_word' id='word_1_90' title='bbox 799 1133 950 1208; x_wconf 84' lang='lat' dir='ltr'>generatio</span> <span class='ocrx_word' id='word_1_91' title='bbox 971 1131 1053 1190; x_wconf 88' lang='lat' dir='ltr'>bimis</span> 
     </span>
     <span class='ocr_line' id='line_1_12' title="bbox 34 1212 1052 1294; baseline 0 -20"><span class='ocrx_word' id='word_1_92' title='bbox 34 1212 196 1292; x_wconf 77' lang='lat' dir='ltr'>utrimque</span> <span class='ocrx_word' id='word_1_93' title='bbox 213 1214 248 1274; x_wconf 90' lang='lat' dir='ltr'>ad</span> <span class='ocrx_word' id='word_1_94' title='bbox 262 1232 392 1275; x_wconf 88' lang='lat' dir='ltr'>novenos</span> <span class='ocrx_word' id='word_1_95' title='bbox 408 1234 508 1292; x_wconf 82' lang='lat' dir='ltr'>annos,</span> <span class='ocrx_word' id='word_1_96' title='bbox 523 1215 691 1294; x_wconf 87' lang='lat' dir='ltr'>quibusdam</span> <span class='ocrx_word' id='word_1_97' title='bbox 709 1225 738 1276; x_wconf 91' lang='lat' dir='ltr'>et</span> <span class='ocrx_word' id='word_1_98' title='bbox 754 1216 789 1276; x_wconf 89' lang='lat' dir='ltr'>ad</span> <span class='ocrx_word' id='word_1_99' title='bbox 804 1216 963 1276; x_wconf 87' lang='lat' dir='ltr'>decumum.</span> <span class='ocrx_word' id='word_1_100' title='bbox 996 1217 1052 1293; x_wconf 89' lang='lat' dir='ltr'>pri·</span> 
     </span>
     <span class='ocr_line' id='line_1_13' title="bbox 35 1299 1054 1376; baseline 0.002 -18"><span class='ocrx_word' id='word_1_101' title='bbox 35 1299 171 1376; x_wconf 86' lang='lat' dir='ltr'>miparis</span> <span class='ocrx_word' id='word_1_102' title='bbox 187 1299 315 1358; x_wconf 91' lang='lat' dir='ltr'>minores</span> <span class='ocrx_word' id='word_1_103' title='bbox 332 1301 418 1360; x_wconf 87' lang='lat' dir='ltr'>letus.</span> <span class='ocrx_word' id='word_1_104' title='bbox 449 1303 542 1360; x_wconf 89' lang='lat' dir='ltr'>coitus</span> <span class='ocrx_word' id='word_1_105' title='bbox 557 1300 688 1360; x_wconf 88' lang='lat' dir='ltr'>omnibus</span> <span class='ocrx_word' id='word_1_106' title='bbox 708 1299 746 1358; x_wconf 88' lang='lat' dir='ltr'>alr</span> <span class='ocrx_word' id='word_1_107' title='bbox 766 1302 873 1360; x_wconf 88' lang='lat' dir='ltr'>arcturi</span> <span class='ocrx_word' id='word_1_108' title='bbox 889 1317 1008 1374; x_wconf 85' lang='lat' dir='ltr'>occasu,</span> <span class='ocrx_word' id='word_1_109' title='bbox 1025 1299 1054 1360; x_wconf 92' lang='lat' dir='ltr'>id</span> 
     </span>
     <span class='ocr_line' id='line_1_14' title="bbox 38 1382 1051 1463; baseline 0.002 -21"><span class='ocrx_word' id='word_1_110' title='bbox 38 1390 94 1442; x_wconf 87' lang='lat' dir='ltr'>est</span> <span class='ocrx_word' id='word_1_111' title='bbox 110 1382 235 1442; x_wconf 87' lang='lat' dir='ltr'>a.d.111.</span> <span class='ocrx_word' id='word_1_112' title='bbox 251 1383 315 1443; x_wconf 93' lang='lat' dir='ltr'>idus</span> <span class='ocrx_word' id='word_1_113' title='bbox 332 1383 422 1444; x_wconf 88' lang='lat' dir='ltr'>llaias</span> <span class='ocrx_word' id='word_1_114' title='bbox 437 1384 473 1444; x_wconf 88' lang='lat' dir='ltr'>ad</span> <span class='ocrx_word' id='word_1_115' title='bbox 487 1385 601 1463; x_wconf 87' lang='lat' dir='ltr'>aquilae</span> <span class='ocrx_word' id='word_1_116' title='bbox 618 1401 755 1444; x_wconf 89' lang='lat' dir='ltr'>occasum</span> <span class='ocrx_word' id='word_1_117' title='bbox 769 1397 803 1444; x_wconf 87' lang='lat' dir='ltr'>x.</span> <span class='ocrx_word' id='word_1_118' title='bbox 820 1385 877 1444; x_wconf 88' lang='lat' dir='ltr'>kal.</span> <span class='ocrx_word' id='word_1_119' title='bbox 894 1384 1051 1460; x_wconf 74' lang='lat' dir='ltr'>Augustae</span> 
     </span>
     <span class='ocr_line' id='line_1_15' title="bbox 39 1467 1051 1547; baseline 0 -21"><span class='ocrx_word' id='word_1_120' title='bbox 39 1475 157 1544; x_wconf 77' lang='lat' dir='ltr'>gerunt</span> <span class='ocrx_word' id='word_1_121' title='bbox 168 1475 279 1544; x_wconf 91' lang='lat' dir='ltr'>partum</span> <span class='ocrx_word' id='word_1_122' title='bbox 290 1467 737 1547; x_wconf 78' lang='lat' dir='ltr'>diebuscentumquinquaginta.</span> <span class='ocrx_word' id='word_1_123' title='bbox 755 1477 858 1546; x_wconf 89' lang='lat' dir='ltr'>postea</span> <span class='ocrx_word' id='word_1_124' title='bbox 868 1468 1003 1546; x_wconf 87' lang='lat' dir='ltr'>concepti</span> <span class='ocrx_word' id='word_1_125' title='bbox 1011 1467 1051 1526; x_wconf 94' lang='lat' dir='ltr'>in·</span> 
     </span>
     <span class='ocr_line' id='line_1_16' title="bbox 8 1549 1054 1631; baseline 0.001 -22"><span class='ocrx_word' id='word_1_126' title='bbox 8 1565 31 1618; x_wconf 61' lang='grc' dir='ltr'>ιι</span> <span class='ocrx_word' id='word_1_127' title='bbox 41 1549 151 1610; x_wconf 85' lang='lat' dir='ltr'>validi.</span> <span class='ocrx_word' id='word_1_128' title='bbox 188 1553 294 1611; x_wconf 91' lang='lat' dir='ltr'>cordos</span> <span class='ocrx_word' id='word_1_129' title='bbox 309 1551 453 1613; x_wconf 87' lang='lat' dir='ltr'>vocabant</span> <span class='ocrx_word' id='word_1_130' title='bbox 468 1551 576 1631; x_wconf 83' lang='lat' dir='ltr'>antiqui</span> <span class='ocrx_word' id='word_1_131' title='bbox 594 1555 662 1630; x_wconf 86' lang='lat' dir='ltr'>post</span> <span class='ocrx_word' id='word_1_132' title='bbox 677 1551 706 1612; x_wconf 88' lang='lat' dir='ltr'>id</span> <span class='ocrx_word' id='word_1_133' title='bbox 722 1560 835 1630; x_wconf 89' lang='lat' dir='ltr'>tempus</span> <span class='ocrx_word' id='word_1_134' title='bbox 851 1561 943 1612; x_wconf 87' lang='lat' dir='ltr'>natos.</span> <span class='ocrx_word' id='word_1_135' title='bbox 973 1551 1054 1612; x_wconf 90' lang='lat' dir='ltr'>multi</span> 
     </span>
     <span class='ocr_line' id='line_1_17' title="bbox 43 1634 1054 1715; baseline 0 -20"><span class='ocrx_word' id='word_1_136' title='bbox 43 1634 191 1695; x_wconf 88' lang='lat' dir='ltr'>hibernos</span> <span class='ocrx_word' id='word_1_137' title='bbox 212 1652 304 1712; x_wconf 82' lang='lat' dir='ltr'>agnos</span> <span class='ocrx_word' id='word_1_138' title='bbox 335 1636 502 1715; x_wconf 86' lang='lat' dir='ltr'>praeierunt</span> <span class='ocrx_word' id='word_1_139' title='bbox 522 1639 635 1711; x_wconf 76' lang='lat' dir='ltr'>vernis,</span> <span class='ocrx_word' id='word_1_140' title='bbox 663 1637 796 1714; x_wconf 88' lang='lat' dir='ltr'>quoniam</span> <span class='ocrx_word' id='word_1_141' title='bbox 823 1637 915 1714; x_wconf 81' lang='lat' dir='ltr'>magis</span> <span class='ocrx_word' id='word_1_142' title='bbox 941 1637 1054 1695; x_wconf 90' lang='lat' dir='ltr'>intersit</span> 
     </span>
     <span class='ocr_line' id='line_1_18' title="bbox 45 1719 1054 1799; baseline 0.002 -21"><span class='ocrx_word' id='word_1_143' title='bbox 45 1728 118 1778; x_wconf 86' lang='lat' dir='ltr'>ante</span> <span class='ocrx_word' id='word_1_144' title='bbox 135 1719 287 1778; x_wconf 79' lang='lat' dir='ltr'>solstitium</span> <span class='ocrx_word' id='word_1_145' title='bbox 301 1738 383 1799; x_wconf 90' lang='lat' dir='ltr'>quam</span> <span class='ocrx_word' id='word_1_146' title='bbox 398 1730 463 1780; x_wconf 88' lang='lat' dir='ltr'>ante</span> <span class='ocrx_word' id='word_1_147' title='bbox 478 1721 605 1780; x_wconf 85' lang='lat' dir='ltr'>brumam</span> <span class='ocrx_word' id='word_1_148' title='bbox 622 1721 719 1781; x_wconf 86' lang='lat' dir='ltr'>firmos</span> <span class='ocrx_word' id='word_1_149' title='bbox 744 1738 811 1780; x_wconf 87' lang='lat' dir='ltr'>esse</span> <span class='ocrx_word' id='word_1_150' title='bbox 830 1721 981 1798; x_wconf 83' lang='lat' dir='ltr'>solumque</span> <span class='ocrx_word' id='word_1_151' title='bbox 997 1720 1054 1780; x_wconf 91' lang='lat' dir='ltr'>hoc</span> 
     </span>
    </p>
   </div>
   <div class='ocr_carea' id='block_1_3' title="bbox 47 1803 1182 1884">
    <p class='ocr_par' dir='ltr' id='par_1_3' title="bbox 47 1803 1182 1884">
     <span class='ocr_line' id='line_1_19' title="bbox 47 1803 1182 1884; baseline 0.005 -21"><span class='ocrx_word' id='word_1_152' title='bbox 47 1803 157 1863; x_wconf 87' lang='lat' dir='ltr'>animal</span> <span class='ocrx_word' id='word_1_153' title='bbox 179 1803 286 1862; x_wconf 89' lang='lat' dir='ltr'>utiliter</span> <span class='ocrx_word' id='word_1_154' title='bbox 306 1805 404 1864; x_wconf 90' lang='lat' dir='ltr'>bruma</span> <span class='ocrx_word' id='word_1_155' title='bbox 427 1806 517 1866; x_wconf 90' lang='lat' dir='ltr'>nasci</span> <span class='ocrx_word' id='word_1_156' title='bbox 547 1807 630 1868; x_wconf 87' lang='lat' dir='ltr'>arieti</span> <span class='ocrx_word' id='word_1_157' title='bbox 645 1805 777 1866; x_wconf 88' lang='lat' dir='ltr'>naturale</span> <span class='ocrx_word' id='word_1_158' title='bbox 792 1803 1096 1882; x_wconf 56' lang='lat' dir='ltr'>aguasdastidiredssd</span> <span class='ocrx_word' id='word_1_159' title='bbox 1179 1879 1182 1884; x_wconf 25' lang='lat'><em>¹</em></span> 
     </span>
    </p>
   </div>
   <div class='ocr_carea' id='block_1_4' title="bbox 8 1889 1054 2136">
    <p class='ocr_par' dir='ltr' id='par_1_4' title="bbox 8 1889 1054 2136">
     <span class='ocr_line' id='line_1_20' title="bbox 48 1889 1054 1988; baseline -0.001 -41"><span class='ocrx_word' id='word_1_160' title='bbox 48 1896 200 1947; x_wconf 79' lang='lat' dir='ltr'>senectam</span> <span class='ocrx_word' id='word_1_161' title='bbox 218 1889 314 1948; x_wconf 87' lang='lat' dir='ltr'>ovium</span> <span class='ocrx_word' id='word_1_162' title='bbox 331 1891 504 1965; x_wconf 86' lang='lat' dir='ltr'>sonsectari‚</span> <span class='ocrx_word' id='word_1_163' title='bbox 530 1892 637 1968; x_wconf 83' lang='lat' dir='ltr'>etipse</span> <span class='ocrx_word' id='word_1_164' title='bbox 661 1899 779 1949; x_wconf 85' lang='lat' dir='ltr'>senecta</span> <span class='ocrx_word' id='word_1_165' title='bbox 790 1889 914 1988; x_wconf 79' lang='lat' dir='ltr'>melior,</span> <span class='ocrx_word' id='word_1_166' title='bbox 939 1889 1054 1948; x_wconf 90' lang='lat' dir='ltr'>mutilus</span> 
     </span>
     <span class='ocr_line' id='line_1_21' title="bbox 8 1972 1053 2058; baseline 0.002 -28"><span class='ocrx_word' id='word_1_167' title='bbox 8 1995 40 2036; x_wconf 73' lang='lat' dir='ltr'>so</span> <span class='ocrx_word' id='word_1_168' title='bbox 51 1987 171 2050; x_wconf 92' lang='lat' dir='ltr'>quoque</span> <span class='ocrx_word' id='word_1_169' title='bbox 187 1972 293 2032; x_wconf 89' lang='lat' dir='ltr'>utilior.</span> <span class='ocrx_word' id='word_1_170' title='bbox 324 1973 435 2034; x_wconf 85' lang='lat' dir='ltr'>ferocia</span> <span class='ocrx_word' id='word_1_171' title='bbox 454 1976 516 2033; x_wconf 90' lang='lat' dir='ltr'>eius</span> <span class='ocrx_word' id='word_1_172' title='bbox 534 1974 684 2034; x_wconf 75' lang='lat' dir='ltr'>cohibetur</span> <span class='ocrx_word' id='word_1_173' title='bbox 700 1992 789 2034; x_wconf 89' lang='lat' dir='ltr'>cornu</span> <span class='ocrx_word' id='word_1_174' title='bbox 803 1974 882 2034; x_wconf 84' lang='lat' dir='ltr'>iuxta</span> <span class='ocrx_word' id='word_1_175' title='bbox 897 1991 995 2033; x_wconf 91' lang='lat' dir='ltr'>aurem</span> <span class='ocrx_word' id='word_1_176' title='bbox 1011 1981 1053 2058; x_wconf 85' lang='lat' dir='ltr'>te·</span> 
     </span>
     <span class='ocr_line' id='line_1_22' title="bbox 50 2055 1053 2136; baseline 0 -20"><span class='ocrx_word' id='word_1_177' title='bbox 50 2055 181 2116; x_wconf 89' lang='lat' dir='ltr'>rebrato.</span> <span class='ocrx_word' id='word_1_178' title='bbox 213 2055 317 2116; x_wconf 82' lang='lat' dir='ltr'>dextro</span> <span class='ocrx_word' id='word_1_179' title='bbox 332 2067 408 2118; x_wconf 87' lang='lat' dir='ltr'>teste</span> <span class='ocrx_word' id='word_1_180' title='bbox 427 2058 591 2136; x_wconf 74' lang='lat' dir='ltr'>praeligato</span> <span class='ocrx_word' id='word_1_181' title='bbox 606 2058 726 2117; x_wconf 84' lang='lat' dir='ltr'>deminae</span> <span class='ocrx_word' id='word_1_182' title='bbox 743 2066 876 2134; x_wconf 83' lang='lat' dir='ltr'>generat,</span> <span class='ocrx_word' id='word_1_183' title='bbox 894 2057 979 2126; x_wconf 79' lang='lat' dir='ltr'>laevo</span> <span class='ocrx_word' id='word_1_184' title='bbox 995 2075 1053 2116; x_wconf 89' lang='lat' dir='ltr'>ma-</span> 
     </span>
    </p>
   </div>
   <div class='ocr_carea' id='block_1_5' title="bbox 51 2139 1170 2202">
    <p class='ocr_par' dir='ltr' id='par_1_5' title="bbox 51 2139 1170 2202">
     <span class='ocr_line' id='line_1_23' title="bbox 51 2139 1170 2202; baseline 0.001 -3"><span class='ocrx_word' id='word_1_185' title='bbox 51 2142 105 2199; x_wconf 87' lang='lat' dir='ltr'>ris.</span> <span class='ocrx_word' id='word_1_186' title='bbox 138 2141 260 2200; x_wconf 89' lang='lat' dir='ltr'>tonitrua</span> <span class='ocrx_word' id='word_1_187' title='bbox 275 2139 413 2202; x_wconf 82' lang='lat' dir='ltr'>solitariis</span> <span class='ocrx_word' id='word_1_188' title='bbox 427 2141 529 2201; x_wconf 87' lang='lat' dir='ltr'>ovibus</span> <span class='ocrx_word' id='word_1_189' title='bbox 546 2141 663 2201; x_wconf 89' lang='lat' dir='ltr'>abortus</span> <span class='ocrx_word' id='word_1_190' title='bbox 679 2141 812 2200; x_wconf 88' lang='lat' dir='ltr'>inierunt.</span> <span class='ocrx_word' id='word_1_191' title='bbox 835 2140 997 2200; x_wconf 86' lang='lat' dir='ltr'>remedium</span> <span class='ocrx_word' id='word_1_192' title='bbox 1009 2150 1054 2200; x_wconf 89' lang='lat' dir='ltr'>est</span> <span class='ocrx_word' id='word_1_193' title='bbox 1166 2172 1170 2180; x_wconf 89' lang='lat'><strong>·</strong></span> 
     </span>
    </p>
   </div>
   <div class='ocr_carea' id='block_1_6' title="bbox 10 2223 1096 3567">
    <p class='ocr_par' dir='ltr' id='par_1_6' title="bbox 54 2223 1096 2301">
     <span class='ocr_line' id='line_1_24' title="bbox 54 2223 1096 2301; baseline 0.001 -17"><span class='ocrx_word' id='word_1_194' title='bbox 54 2240 237 2300; x_wconf 76' lang='lat' dir='ltr'>congregare</span> <span class='ocrx_word' id='word_1_195' title='bbox 260 2244 328 2300; x_wconf 82' lang='lat' dir='ltr'>eas,</span> <span class='ocrx_word' id='word_1_196' title='bbox 352 2234 383 2284; x_wconf 92' lang='lat' dir='ltr'>ut</span> <span class='ocrx_word' id='word_1_197' title='bbox 414 2235 500 2285; x_wconf 88' lang='lat' dir='ltr'>coetu</span> <span class='ocrx_word' id='word_1_198' title='bbox 531 2226 681 2284; x_wconf 67' lang='lat' dir='ltr'>inventurn</span> <span class='ocrx_word' id='word_1_199' title='bbox 708 2224 851 2301; x_wconf 87' lang='lat' dir='ltr'>aquilonis</span> <span class='ocrx_word' id='word_1_200' title='bbox 867 2223 934 2282; x_wconf 88' lang='lat' dir='ltr'>datu</span> <span class='ocrx_word' id='word_1_201' title='bbox 949 2225 1096 2287; x_wconf 82' lang='lat' dir='ltr'>maris189</span> 
     </span>
    </p>

    <p class='ocr_par' dir='ltr' id='par_1_7' title="bbox 10 2307 1053 2471">
     <span class='ocr_line' id='line_1_25' title="bbox 56 2307 1053 2386; baseline -0.004 -18"><span class='ocrx_word' id='word_1_202' title='bbox 56 2307 171 2385; x_wconf 91' lang='lat' dir='ltr'>concipi</span> <span class='ocrx_word' id='word_1_203' title='bbox 192 2308 304 2384; x_wconf 85' lang='lat' dir='ltr'>dicunt,</span> <span class='ocrx_word' id='word_1_204' title='bbox 326 2311 415 2370; x_wconf 88' lang='lat' dir='ltr'>austri</span> <span class='ocrx_word' id='word_1_205' title='bbox 436 2310 574 2382; x_wconf 73' lang='lat' dir='ltr'>feminas,</span> <span class='ocrx_word' id='word_1_206' title='bbox 596 2318 683 2386; x_wconf 89' lang='lat' dir='ltr'>atque</span> <span class='ocrx_word' id='word_1_207' title='bbox 706 2309 735 2366; x_wconf 87' lang='lat' dir='ltr'>in</span> <span class='ocrx_word' id='word_1_208' title='bbox 753 2324 789 2365; x_wconf 88' lang='lat' dir='ltr'>eo</span> <span class='ocrx_word' id='word_1_209' title='bbox 805 2323 915 2384; x_wconf 83' lang='lat' dir='ltr'>genere</span> <span class='ocrx_word' id='word_1_210' title='bbox 933 2307 1053 2365; x_wconf 89' lang='lat' dir='ltr'>arietum</span> 
     </span>
     <span class='ocr_line' id='line_1_26' title="bbox 10 2389 1053 2471; baseline -0.004 -17"><span class='ocrx_word' id='word_1_211' title='bbox 10 2409 186 2454; x_wconf 68' lang='lat' dir='ltr'>&#39;mmaxume</span> <span class='ocrx_word' id='word_1_212' title='bbox 209 2402 377 2470; x_wconf 86' lang='lat' dir='ltr'>spectantur</span> <span class='ocrx_word' id='word_1_213' title='bbox 399 2411 467 2468; x_wconf 85' lang='lat' dir='ltr'>ora,</span> <span class='ocrx_word' id='word_1_214' title='bbox 484 2393 550 2471; x_wconf 83' lang='lat' dir='ltr'>quia</span> <span class='ocrx_word' id='word_1_215' title='bbox 574 2391 654 2451; x_wconf 82' lang='lat' dir='ltr'>cuiu&#39;s</span> <span class='ocrx_word' id='word_1_216' title='bbox 680 2391 788 2451; x_wconf 91' lang='lat' dir='ltr'>coloris</span> <span class='ocrx_word' id='word_1_217' title='bbox 812 2391 865 2450; x_wconf 92' lang='lat' dir='ltr'>sub</span> <span class='ocrx_word' id='word_1_218' title='bbox 887 2389 985 2466; x_wconf 83' lang='lat' dir='ltr'>lingua</span> <span class='ocrx_word' id='word_1_219' title='bbox 1004 2389 1053 2450; x_wconf 89' lang='lat' dir='ltr'>ha-</span> 
     </span>
    </p>

    <p class='ocr_par' dir='ltr' id='par_1_8' title="bbox 57 2474 1052 2552">
     <span class='ocr_line' id='line_1_27' title="bbox 57 2474 1052 2552; baseline -0.004 -16"><span class='ocrx_word' id='word_1_220' title='bbox 57 2477 149 2536; x_wconf 89' lang='lat' dir='ltr'>buere</span> <span class='ocrx_word' id='word_1_221' title='bbox 161 2490 250 2535; x_wconf 87' lang='lat' dir='ltr'>renas</span> <span class='ocrx_word' id='word_1_222' title='bbox 269 2478 331 2536; x_wconf 89' lang='lat' dir='ltr'>eius</span> <span class='ocrx_word' id='word_1_223' title='bbox 347 2486 376 2536; x_wconf 90' lang='lat' dir='ltr'>et</span> <span class='ocrx_word' id='word_1_224' title='bbox 392 2477 524 2537; x_wconf 90' lang='lat' dir='ltr'>lanicium</span> <span class='ocrx_word' id='word_1_225' title='bbox 542 2477 570 2536; x_wconf 93' lang='lat' dir='ltr'>in</span> <span class='ocrx_word' id='word_1_226' title='bbox 588 2477 648 2536; x_wconf 84' lang='lat' dir='ltr'>fetu</span> <span class='ocrx_word' id='word_1_227' title='bbox 664 2484 724 2550; x_wconf 81' lang='lat' dir='ltr'>est,</span> <span class='ocrx_word' id='word_1_228' title='bbox 749 2477 928 2551; x_wconf 82' lang='lat' dir='ltr'>variumque,</span> <span class='ocrx_word' id='word_1_229' title='bbox 947 2475 972 2532; x_wconf 88' lang='lat' dir='ltr'>si</span> <span class='ocrx_word' id='word_1_230' title='bbox 990 2474 1052 2552; x_wconf 93' lang='lat' dir='ltr'>plu·</span> 
     </span>
    </p>

    <p class='ocr_par' dir='ltr' id='par_1_9' title="bbox 59 2556 1055 2639">
     <span class='ocr_line' id='line_1_28' title="bbox 59 2556 1055 2639; baseline 0 -20"><span class='ocrx_word' id='word_1_231' title='bbox 59 2577 108 2619; x_wconf 88' lang='lat' dir='ltr'>res</span> <span class='ocrx_word' id='word_1_232' title='bbox 120 2558 207 2618; x_wconf 89' lang='lat' dir='ltr'>luere.</span> <span class='ocrx_word' id='word_1_233' title='bbox 226 2569 254 2620; x_wconf 90' lang='lat' dir='ltr'>et</span> <span class='ocrx_word' id='word_1_234' title='bbox 265 2561 382 2620; x_wconf 88' lang='lat' dir='ltr'>mutatio</span> <span class='ocrx_word' id='word_1_235' title='bbox 399 2578 535 2639; x_wconf 89' lang='lat' dir='ltr'>aquarum</span> <span class='ocrx_word' id='word_1_236' title='bbox 548 2569 692 2639; x_wconf 80' lang='lat' dir='ltr'>potusque</span> <span class='ocrx_word' id='word_1_237' title='bbox 704 2560 805 2619; x_wconf 85' lang='lat' dir='ltr'>variat.</span> <span class='ocrx_word' id='word_1_238' title='bbox 829 2556 931 2622; x_wconf 87' lang='lat' dir='ltr'>Ovium</span> <span class='ocrx_word' id='word_1_239' title='bbox 948 2575 1055 2623; x_wconf 87' lang='lat' dir='ltr'>summa</span> 
     </span>
    </p>

    <p class='ocr_par' dir='ltr' id='par_1_10' title="bbox 60 2643 1054 2722">
     <span class='ocr_line' id='line_1_29' title="bbox 60 2643 1054 2722; baseline 0 -19"><span class='ocrx_word' id='word_1_240' title='bbox 60 2659 165 2722; x_wconf 77' lang='lat' dir='ltr'>genera</span> <span class='ocrx_word' id='word_1_241' title='bbox 186 2644 259 2720; x_wconf 82' lang='lat' dir='ltr'>duo,</span> <span class='ocrx_word' id='word_1_242' title='bbox 282 2654 389 2705; x_wconf 86' lang='lat' dir='ltr'>tectum</span> <span class='ocrx_word' id='word_1_243' title='bbox 408 2654 438 2704; x_wconf 88' lang='lat' dir='ltr'>et</span> <span class='ocrx_word' id='word_1_244' title='bbox 458 2645 635 2720; x_wconf 83' lang='lat' dir='ltr'>colonicam,</span> <span class='ocrx_word' id='word_1_245' title='bbox 652 2643 723 2704; x_wconf 88' lang='lat' dir='ltr'>illud</span> <span class='ocrx_word' id='word_1_246' title='bbox 738 2643 870 2718; x_wconf 81' lang='lat' dir='ltr'>mollius,</span> <span class='ocrx_word' id='word_1_247' title='bbox 889 2643 945 2702; x_wconf 90' lang='lat' dir='ltr'>hcc</span> <span class='ocrx_word' id='word_1_248' title='bbox 961 2643 989 2702; x_wconf 92' lang='lat' dir='ltr'>in</span> <span class='ocrx_word' id='word_1_249' title='bbox 1004 2661 1054 2720; x_wconf 91' lang='lat' dir='ltr'>pa·</span> 
     </span>
    </p>

    <p class='ocr_par' dir='ltr' id='par_1_11' title="bbox 27 2727 1053 2892">
     <span class='ocr_line' id='line_1_30' title="bbox 61 2727 1053 2828; baseline -0.001 -41"><span class='ocrx_word' id='word_1_250' title='bbox 61 2744 131 2787; x_wconf 92' lang='lat' dir='ltr'>scuo</span> <span class='ocrx_word' id='word_1_251' title='bbox 150 2728 316 2828; x_wconf 78' lang='lat' dir='ltr'>delicatius,</span> <span class='ocrx_word' id='word_1_252' title='bbox 338 2731 447 2809; x_wconf 90' lang='lat' dir='ltr'>quippe</span> <span class='ocrx_word' id='word_1_253' title='bbox 468 2748 531 2789; x_wconf 89' lang='lat' dir='ltr'>cum</span> <span class='ocrx_word' id='word_1_254' title='bbox 553 2739 661 2790; x_wconf 90' lang='lat' dir='ltr'>tectum</span> <span class='ocrx_word' id='word_1_255' title='bbox 681 2727 760 2788; x_wconf 88' lang='lat' dir='ltr'>rubis</span> <span class='ocrx_word' id='word_1_256' title='bbox 781 2735 926 2787; x_wconf 85' lang='lat' dir='ltr'>vescatur.</span> <span class='ocrx_word' id='word_1_257' title='bbox 958 2727 1053 2804; x_wconf 89' lang='lat' dir='ltr'>operi·</span> 
     </span>
     <span class='ocr_line' id='line_1_31' title="bbox 27 2812 576 2892; baseline 0.009 -24"><span class='ocrx_word' id='word_1_258' title='bbox 27 2819 153 2872; x_wconf 80' lang='lat' dir='ltr'>comente</span> <span class='ocrx_word' id='word_1_259' title='bbox 167 2814 193 2872; x_wconf 92' lang='lat' dir='ltr'>ei</span> <span class='ocrx_word' id='word_1_260' title='bbox 209 2831 246 2871; x_wconf 84' lang='lat' dir='ltr'>ex</span> <span class='ocrx_word' id='word_1_261' title='bbox 261 2812 394 2873; x_wconf 81' lang='lat' dir='ltr'>Arabicis</span> <span class='ocrx_word' id='word_1_262' title='bbox 410 2816 576 2892; x_wconf 89' lang='lat' dir='ltr'>praecipua.</span> 
     </span>
    </p>

    <p class='ocr_par' dir='ltr' id='par_1_12' title="bbox 64 2891 1096 3226">
     <span class='ocr_line' id='line_1_32' title="bbox 124 2891 1096 2977; baseline 0.002 -23"><span class='ocrx_word' id='word_1_263' title='bbox 124 2893 169 2955; x_wconf 79' lang='lat'>48.</span> <span class='ocrx_word' id='word_1_264' title='bbox 187 2896 270 2977; x_wconf 83' lang='lat'><strong>(73.)</strong></span> <span class='ocrx_word' id='word_1_265' title='bbox 292 2897 368 2957; x_wconf 84' lang='lat' dir='ltr'>Lana</span> <span class='ocrx_word' id='word_1_266' title='bbox 384 2907 478 2958; x_wconf 87' lang='lat' dir='ltr'>autem</span> <span class='ocrx_word' id='word_1_267' title='bbox 493 2896 790 2974; x_wconf 81' lang='lat' dir='ltr'>laudatissimadpula</span> <span class='ocrx_word' id='word_1_268' title='bbox 807 2905 836 2956; x_wconf 88' lang='lat' dir='ltr'>et</span> <span class='ocrx_word' id='word_1_269' title='bbox 854 2895 968 2973; x_wconf 89' lang='lat' dir='ltr'>quaein</span> <span class='ocrx_word' id='word_1_270' title='bbox 983 2891 1096 2956; x_wconf 70' lang='lat' dir='ltr'>tte-190</span> 
     </span>
     <span class='ocr_line' id='line_1_33' title="bbox 64 2977 1053 3060; baseline -0.007 -18"><span class='ocrx_word' id='word_1_271' title='bbox 64 2981 102 3042; x_wconf 91' lang='lat' dir='ltr'>lia</span> <span class='ocrx_word' id='word_1_272' title='bbox 122 2977 220 3040; x_wconf 81' lang='lat' dir='ltr'>Graeci</span> <span class='ocrx_word' id='word_1_273' title='bbox 242 2984 360 3059; x_wconf 90' lang='lat' dir='ltr'>pecoris</span> <span class='ocrx_word' id='word_1_274' title='bbox 388 2979 567 3060; x_wconf 83' lang='lat' dir='ltr'>appellatur,</span> <span class='ocrx_word' id='word_1_275' title='bbox 584 2979 654 3039; x_wconf 88' lang='lat' dir='ltr'>alibi</span> <span class='ocrx_word' id='word_1_276' title='bbox 674 2977 782 3040; x_wconf 86' lang='lat' dir='ltr'>Italica.</span> <span class='ocrx_word' id='word_1_277' title='bbox 820 2981 935 3039; x_wconf 88' lang='lat' dir='ltr'>tertium</span> <span class='ocrx_word' id='word_1_278' title='bbox 958 2977 1053 3036; x_wconf 88' lang='lat' dir='ltr'>locum</span> 
     </span>
     <span class='ocr_line' id='line_1_34' title="bbox 64 3059 1052 3165; baseline -0.007 -40"><span class='ocrx_word' id='word_1_279' title='bbox 64 3063 189 3125; x_wconf 77' lang='lat' dir='ltr'>Milesiae</span> <span class='ocrx_word' id='word_1_280' title='bbox 206 3082 279 3125; x_wconf 86' lang='lat' dir='ltr'>oves</span> <span class='ocrx_word' id='word_1_281' title='bbox 294 3067 434 3165; x_wconf 78' lang='lat' dir='ltr'>optinent.</span> <span class='ocrx_word' id='word_1_282' title='bbox 464 3063 579 3142; x_wconf 85' lang='lat' dir='ltr'>Apulae</span> <span class='ocrx_word' id='word_1_283' title='bbox 595 3059 702 3124; x_wconf 89' lang='lat' dir='ltr'>breves</span> <span class='ocrx_word' id='word_1_284' title='bbox 717 3063 787 3125; x_wconf 87' lang='lat' dir='ltr'>villo</span> <span class='ocrx_word' id='word_1_285' title='bbox 803 3082 859 3122; x_wconf 94' lang='lat' dir='ltr'>nec</span> <span class='ocrx_word' id='word_1_286' title='bbox 874 3063 929 3122; x_wconf 87' lang='lat' dir='ltr'>nisi</span> <span class='ocrx_word' id='word_1_287' title='bbox 946 3078 1052 3139; x_wconf 90' lang='lat' dir='ltr'>paenu-</span> 
     </span>
     <span class='ocr_line' id='line_1_35' title="bbox 65 3142 1052 3226; baseline -0.008 -17"><span class='ocrx_word' id='word_1_288' title='bbox 65 3147 251 3209; x_wconf 86' lang='lat' dir='ltr'>liscelebres.</span> <span class='ocrx_word' id='word_1_289' title='bbox 281 3151 359 3210; x_wconf 89' lang='lat' dir='ltr'>circa</span> <span class='ocrx_word' id='word_1_290' title='bbox 380 3149 533 3209; x_wconf 85' lang='lat' dir='ltr'>Tarentum</span> <span class='ocrx_word' id='word_1_291' title='bbox 554 3145 764 3226; x_wconf 80' lang='lat' dir='ltr'>Canusiumque</span> <span class='ocrx_word' id='word_1_292' title='bbox 795 3163 930 3207; x_wconf 89' lang='lat' dir='ltr'>summam</span> <span class='ocrx_word' id='word_1_293' title='bbox 951 3142 1052 3203; x_wconf 91' lang='lat' dir='ltr'>nobili·</span> 
     </span>
    </p>

    <p class='ocr_par' dir='ltr' id='par_1_13' title="bbox 33 3227 1094 3567">
     <span class='ocr_line' id='line_1_36' title="bbox 33 3227 1053 3309; baseline -0.002 -19"><span class='ocrx_word' id='word_1_294' title='bbox 33 3233 281 3309; x_wconf 76' lang='lat' dir='ltr'>attatembabent‚</span> <span class='ocrx_word' id='word_1_295' title='bbox 305 3235 333 3291; x_wconf 91' lang='lat' dir='ltr'>in</span> <span class='ocrx_word' id='word_1_296' title='bbox 354 3234 424 3293; x_wconf 83' lang='lat' dir='ltr'>Asia</span> <span class='ocrx_word' id='word_1_297' title='bbox 442 3249 513 3291; x_wconf 86' lang='lat' dir='ltr'>vero</span> <span class='ocrx_word' id='word_1_298' title='bbox 535 3232 639 3308; x_wconf 85' lang='lat' dir='ltr'>ecdem</span> <span class='ocrx_word' id='word_1_299' title='bbox 657 3250 767 3308; x_wconf 73' lang='lat' dir='ltr'>genere</span> <span class='ocrx_word' id='word_1_300' title='bbox 783 3230 956 3294; x_wconf 88' lang='lat' dir='ltr'>Laodiceae</span> <span class='ocrx_word' id='word_1_301' title='bbox 987 3227 1053 3288; x_wconf 87' lang='lat' dir='ltr'>alba</span> 
     </span>
     <span class='ocr_line' id='line_1_37' title="bbox 69 3315 1052 3396; baseline -0.007 -19"><span class='ocrx_word' id='word_1_302' title='bbox 69 3315 292 3396; x_wconf 79' lang='lat' dir='ltr'>Circumpadanis</span> <span class='ocrx_word' id='word_1_303' title='bbox 307 3317 384 3376; x_wconf 88' lang='lat' dir='ltr'>nulla</span> <span class='ocrx_word' id='word_1_304' title='bbox 402 3315 581 3394; x_wconf 79' lang='lat' dir='ltr'>praefertur,</span> <span class='ocrx_word' id='word_1_305' title='bbox 597 3333 652 3376; x_wconf 90' lang='lat' dir='ltr'>nec</span> <span class='ocrx_word' id='word_1_306' title='bbox 672 3315 745 3375; x_wconf 86' lang='lat' dir='ltr'>libra</span> <span class='ocrx_word' id='word_1_307' title='bbox 761 3323 900 3375; x_wconf 90' lang='lat' dir='ltr'>centenos</span> <span class='ocrx_word' id='word_1_308' title='bbox 923 3329 1052 3373; x_wconf 88' lang='lat' dir='ltr'>nummos</span> 
     </span>
     <span class='ocr_line' id='line_1_38' title="bbox 69 3398 1094 3476; baseline -0.001 -15"><span class='ocrx_word' id='word_1_309' title='bbox 69 3402 103 3461; x_wconf 83' lang='lat' dir='ltr'>ad</span> <span class='ocrx_word' id='word_1_310' title='bbox 118 3401 169 3460; x_wconf 92' lang='lat' dir='ltr'>boc</span> <span class='ocrx_word' id='word_1_311' title='bbox 183 3403 246 3461; x_wconf 83' lang='lat' dir='ltr'>aeri</span> <span class='ocrx_word' id='word_1_312' title='bbox 264 3402 392 3461; x_wconf 84' lang='lat' dir='ltr'>excessit</span> <span class='ocrx_word' id='word_1_313' title='bbox 406 3399 474 3459; x_wconf 90' lang='lat' dir='ltr'>ulla.</span> <span class='ocrx_word' id='word_1_314' title='bbox 498 3415 570 3460; x_wconf 87' lang='lat' dir='ltr'>oves</span> <span class='ocrx_word' id='word_1_315' title='bbox 585 3416 641 3458; x_wconf 92' lang='lat' dir='ltr'>non</span> <span class='ocrx_word' id='word_1_316' title='bbox 656 3399 760 3476; x_wconf 91' lang='lat' dir='ltr'>ubique</span> <span class='ocrx_word' id='word_1_317' title='bbox 774 3398 939 3472; x_wconf 85' lang='lat' dir='ltr'>tondentur,</span> <span class='ocrx_word' id='word_1_318' title='bbox 956 3398 1094 3462; x_wconf 74' lang='lat' dir='ltr'>duratldl</span> 
     </span>
     <span class='ocr_line' id='line_1_39' title="bbox 71 3483 1053 3567; baseline -0.003 -24"><span class='ocrx_word' id='word_1_319' title='bbox 71 3485 228 3567; x_wconf 78' lang='lat' dir='ltr'>quibusdam</span> <span class='ocrx_word' id='word_1_320' title='bbox 239 3486 348 3547; x_wconf 88' lang='lat' dir='ltr'>inlccis</span> <span class='ocrx_word' id='word_1_321' title='bbox 359 3483 487 3546; x_wconf 79' lang='lat' dir='ltr'>vellendi</span> <span class='ocrx_word' id='word_1_322' title='bbox 498 3500 570 3544; x_wconf 88' lang='lat' dir='ltr'>mcs.</span> <span class='ocrx_word' id='word_1_323' title='bbox 583 3484 713 3544; x_wconf 91' lang='lat' dir='ltr'>colurum</span> <span class='ocrx_word' id='word_1_324' title='bbox 722 3483 803 3563; x_wconf 93' lang='lat' dir='ltr'>plura</span> <span class='ocrx_word' id='word_1_325' title='bbox 811 3500 932 3560; x_wconf 77' lang='lat' dir='ltr'>genera,</span> <span class='ocrx_word' id='word_1_326' title='bbox 943 3483 1053 3562; x_wconf 89' lang='lat' dir='ltr'>quippe</span> 
     </span>
    </p>
   </div>
   <div class='ocr_carea' id='block_1_7' title="bbox 0 0 1226 3908">
    <p class='ocr_par' dir='ltr' id='par_1_14' title="bbox 0 0 1226 3908">
     <span class='ocr_line' id='line_1_40' title="bbox 0 0 1226 3908; baseline 0 0"><span class='ocrx_word' id='word_1_327' title='bbox 0 0 1226 3908; x_wconf 95' lang='lat' dir='ltr'> </span> 
     </span>
    </p>
   </div>
  </div>
 </body>
</html>
