2462 3900
314 204 402 250 ,atam
419 203 509 250 HIST.
526 204 601 250 xssr.
620 201 646 254 a.
662 200 689 254 4.
711 191 830 269 (4—7.)
884 153 886 158 V
911 210 914 218 ’
986 231 989 248 .
1018 189 1080 252 235

10 423 13 434 ,
73 356 182 428 incluta
204 363 249 416 cst
271 356 319 417 vel
344 357 436 434 magis
448 355 568 434 palmis,
595 373 713 436 quarum
737 364 838 419 natura
861 375 936 418 nunc
958 357 1079 417 dicetur.

73 449 141 500 sunt
157 440 273 518 quidem
292 442 363 500 etin
382 439 499 519 Europa
515 440 663 518 volgoque
677 440 780 515 ltalia,
799 441 852 500 sed
875 441 1002 500 steriles.
1038 442 1079 502 le·
1151 473 1152 476 ¹

1 563 3 569 ,
74 533 142 584 runt
158 527 186 583 in
201 525 348 584 maritimis
363 524 519 602 Hispaniae
535 524 674 598 fructum,
693 541 793 584 verum
809 525 952 600 inmitem,
968 525 1081 586 dulcem

75 611 104 668 in
123 608 241 684 Africa,
264 608 318 671 sed
341 611 435 668 statim
458 615 692 668 evanescentem.
725 617 826 668 contra
842 609 870 668 in
885 611 1008 668 oriente.
1041 617 1123 672 exal

47 693 122 753 abis
140 693 206 751 vina
225 693 411 771 gentiumque
427 692 531 770 aliquis
547 693 645 771 panis,
662 685 800 770 plurumis
817 710 889 752 vero
910 694 996 752 etiam
1012 711 1079 772 qua-

75 776 229 855 dripedum
244 775 335 836 cibus.
367 775 555 854 quamobrem
578 779 640 836 iure
662 777 794 838 dicentur
815 785 964 836 externae.
1002 776 1080 837 nulla

75 869 124 920 est
139 862 167 919 in
181 858 263 920 ltalia
281 869 386 938 sponte
402 861 516 938 genita,
537 879 593 920 nec
607 862 636 919 in
652 861 708 920 alia
723 869 807 938 parte
828 870 968 922 terrarum
983 863 1038 920 nisi
1054 862 1083 919 in

75 944 187 1019 calida,
209 943 437 1020 frugiferavero
454 946 661 1022 nusquam'nisi
676 947 704 1004 iu
718 945 840 1005 fervida.

142 1029 205 1108 (7.)
230 1027 362 1104 Gignitur
378 1029 437 1088 leui
458 1028 653 1107 sabulosaque
670 1039 765 1105 terra,
782 1031 892 1090 maiore
907 1031 936 1089 in
952 1037 1034 1108 parta
1051 1037 1080 1087 et
1091 1037 1126 1090 28

38 1130 65 1172 ro
76 1113 197 1192 nitrosa.
224 1112 332 1188 gaudet
345 1114 445 1190 riguis,
461 1122 581 1190 totoque
594 1130 667 1172 anuo
678 1113 781 1172 bibere
794 1132 857 1173 cum
872 1122 964 1187 amet,
976 1113 1084 1173 sitienti

75 1215 94 1258 a
110 1197 176 1256 limo
193 1197 306 1275 quidam
322 1199 407 1256 etiam
424 1197 499 1256 laedi
514 1206 628 1276 putant,
644 1197 832 1272 Assyriorum
843 1216 911 1275 pars
927 1197 1041 1276 aliqua,
1059 1197 1083 1254 si

75 1297 136 1341 non
155 1281 224 1340 rivis
242 1282 371 1340 misceat.
403 1281 517 1342 Genera
538 1299 636 1340 earum
659 1281 758 1358 plura,
784 1290 813 1340 et
835 1283 925 1359 prima
949 1281 1084 1339 fruticem

74 1381 136 1424 non
148 1366 331 1446 excedentia,
340 1364 471 1424 sterilem
482 1365 568 1440 hunc,
580 1365 667 1424 aliubi
678 1373 709 1423 et
719 1367 812 1442 ipsum
821 1364 958 1439 fertilem,
971 1365 1081 1425 brevis·
1150 1383 1152 1394 ’

76 1467 136 1528 que
151 1451 230 1508 rami.
261 1448 333 1508 orbe
348 1449 484 1510 foliorum
502 1451 608 1509 tectori
623 1451 717 1508 vicem
733 1449 780 1508 bic
802 1448 961 1527 parietibus
979 1448 1082 1527 pleris-

38 1547 136 1612 laque
152 1535 180 1592 in
197 1533 271 1592 locis
288 1543 417 1611 praestat
432 1542 531 1594 contra
547 1535 730 1611 aspergines.
749 1542 800 1596 ‚est
816 1541 846 1592 et
862 1530 1079 1611 procerioribus
1091 1541 1126 1595 29

1 1653 2 1685 3
77 1618 169 1692 silva,
192 1617 301 1676 arbore¹
318 1636 355 1678 ex
376 1619 438 1696 ipsa
459 1617 596 1676 loliorum
612 1617 716 1676 aculeo
737 1617 891 1680 fruticante
911 1619 989 1675 circa
1002 1617 1083 1676 ‘totas

77 1701 262 1781 pectinatim,
285 1719 356 1780 quas
379 1703 521 1761 silvestris
537 1701 668 1778 intellegi
690 1719 816 1761 necesse
832 1709 886 1760 est.
915 1702 1026 1759 incerta
1042 1708 1083 1758 ta·

75 1803 144 1846 men
159 1785 278 1845 libidine
301 1787 386 1844 etiam
410 1787 571 1848 mitioribus
593 1805 625 1845 te
646 1788 779 1846 miscent.
817 1785 948 1864 rellquae
972 1793 1083 1843 teretes

1 1909 2 1926 2
77 1879 167 1948 atque
190 1887 351 1948 procerae,
377 1870 475 1928 densis
495 1871 682 1949 gradatisque
703 1871 842 1930 corticum
857 1867 1014 1947 pollicibus
1036 1876 1086 1928 aut

1 2005 2 2008 ,
40 1973 69 2014 ao
79 1953 201 2020 orbibus
216 1953 311 2012 lacilis
327 1954 362 2014 ad
375 1955 570 2015 scandendum
581 1956 701 2015 orientis
712 1957 746 2013 s'e
760 1953 875 2032 populis
891 1953 1033 2031 praebent
1043 1953 1084 2009 vi·

78 2037 160 2099 tilern
175 2036 230 2096 sibi
243 2036 399 2116 arborique
415 2039 519 2098 indutis
534 2038 672 2098 circulum
684 2039 755 2097 mira
770 2037 942 2114 pernicitate
954 2054 1019 2094 oum
1032 2035 1083 2094 bo·

79 2124 156 2182 mine
169 2121 348 2180 subeuntem.
373 2119 463 2181 Coma
478 2124 568 2181 omnis
580 2123 608 2180 in
621 2122 770 2180 cacumine
782 2129 812 2180 et
822 2137 938 2196 pomum
948 2127 1009 2192 est,
1024 2136 1082 2176 non
1091 2127 1126 2180 30

1 2253 2 2258 ,
79 2209 156 2268 iuter
171 2204 241 2264 lolia
257 2205 329 2281 boc,
345 2215 374 2264 ut
390 2207 418 2264 in
433 2207 557 2280 ceteris,
572 2204 626 2262 sed
641 2204 700 2262 suis
715 2205 790 2262 inter
804 2219 901 2262 ramos
917 2200 1083 2280 palmitibus

80 2307 281 2364 racemnsnm,
302 2299 425 2367 utraque
442 2298 541 2348 natura
557 2305 630 2348 uvae
652 2296 739 2365 atque
755 2287 842 2364 pomi.
873 2286 945 2346 lolia
960 2284 1084 2344 cultrato

45 2391 73 2432 aa
83 2391 223 2434 mucrone
240 2372 379 2434 lateribus
401 2375 430 2433 in
446 2391 513 2432 sese
528 2373 614 2432 bifida
630 2370 753 2431 tabellas
770 2370 891 2449 primurn
907 2369 1084 2430 demonstra·
1113 2365 1114 2369 ’

81 2475 154 2518 rere
170 2458 309 2534 geminas,
326 2476 401 2518 nunc
416 2459 451 2518 ad
464 2457 538 2516 lunis
553 2457 841 2534 vitiliumquenexus
859 2463 888 2514 et
903 2454 1027 2532 capitum
1042 2451 1084 2512 le·

81 2543 129 2602 via
148 2541 312 2601 umbracula
334 2543 485 2602 linduntur.
525 2540 705 2616 Arboribus,
726 2542 811 2600 immo
833 2539 931 2618 potius
951 2536 1083 2598 omnibus
1094 2545 1127 2599 31

2 2696 5 2701 ,
53 2614 60 2641 “
83 2644 160 2706 quae
174 2634 251 2685 terra
268 2626 367 2702 gignat
382 2625 539 2704 herbisque
559 2627 643 2685 etiam
660 2634 811 2703 utrumque
829 2641 897 2683 esse
910 2639 1011 2682 sexum
1024 2621 1086 2682 dili·

82 2710 244 2789 gentissimi
264 2718 384 2770 naturae
400 2713 527 2785 tradunt,
550 2710 628 2788 quod
651 2711 679 2768 in
701 2709 824 2786 plenum*
837 2709 907 2768 satis
924 2708 961 2767 sit
977 2707 1087 2767 dixisse

9 2807 13 2816 '
47 2796 141 2856 aohoc
157 2795 185 2852 in
200 2792 284 2869 loco,
306 2794 393 2855 nullis
408 2803 503 2854 tamen
517 2793 670 2854 arboribus
685 2791 874 2854 manifestius.
903 2809 964 2852 mas
981 2793 1009 2851 in
1025 2788 1086 2868 pal·

83 2878 152 2940 mite
168 2876 264 2953 lloret,
277 2878 382 2938 lamina
398 2881 467 2938 citra
483 2877 584 2949 llorem
595 2877 737 2953 germinat
752 2884 859 2936 tantum
873 2879 972 2954 spicae
988 2873 1085 2932 modo.

83 2963 215 3040 utrisque
232 2971 326 3021 autem
341 2965 432 3041 prima
452 2963 580 3024 nascitur
597 2962 674 3039 pomi
692 2975 779 3036 caro,
800 2969 906 3038 postea
921 2960 1029 3036 lignum
1044 2958 1085 3015 irr-

84 3057 146 3122 tut,
173 3045 230 3105 boc
255 3056 302 3106 est
324 3065 425 3108 semen
447 3048 518 3106 eius.
560 3053 774 3122 argumentum,
799 3043 875 3122 quad
892 3059 1001 3123 parvae
1023 3041 1087 3098 sine

82 3131 142 3190 boc
157 3133 340 3209 reperiuntur
354 3133 382 3191 in
398 3132 501 3191 eodem
515 3130 641 3207 palmite.
671 3137 718 3198 est
732 3137 827 3189 autem
842 3127 1014 3202 oblongum,
1029 3131 1130 3186 nouat

47 3223 117 3277 aaut
132 3214 217 3274 olivis
233 3215 439 3289 orbiculatum,
454 3222 608 3292 praeterea
624 3229 740 3272 caesum
752 3230 767 3270 a
779 3213 868 3274 dorso
880 3209 1025 3289 pulvinata
1040 3208 1087 3267 lus·
1186 3227 1189 3234 ·

85 3315 154 3358 sura
176 3307 205 3357 et
225 3303 254 3358 in
274 3299 340 3364 alvo
366 3300 460 3360 media
476 3297 628 3377 plerisque
644 3295 847 3358 umbilicatum.
880 3293 947 3352 inde
968 3294 1089 3372 primum
1115 3321 1120 3334 x

86 3382 234 3460 spargitur
248 3384 340 3443 radix.
370 3386 476 3443 seritur
499 3390 593 3441 autem
613 3397 735 3458 pronum
756 3390 784 3440 et
799 3379 864 3438 bina
884 3379 963 3438 iuxta
979 3394 1088 3456 conpo-

86 3467 142 3526 sita
156 3469 264 3528 semina
281 3483 428 3546 superque
440 3465 569 3542 totidem,
585 3466 719 3544 quonlam
732 3465 861 3525 inlirmae
875 3462 996 3542 singulis
1008 3462 1088 3542 plan·
