2462 3900
171 166 231 228 450
477 175 507 224 4.
520 177 617 224 rursu
632 175 784 224 44444444

106 361 108 367 ·
168 342 252 394 tunso
263 349 353 408 sueo,
368 347 425 392 neo
442 332 583 392 eortinera
595 329 744 390 44444444.
761 331 857 391 ornain
869 347 904 389 ea
920 345 1044 388 nenena.
1069 327 1185 408 quippe

152 416 346 478 ¹lollientibus
361 424 467 488 44444,
484 415 645 474 uniusne
659 413 789 492 adspiret
804 431 888 474 aura:
904 414 1102 472 inurmesount
1116 427 1184 474 eor·

170 514 260 580 pora,
281 499 446 578 4444044144
459 497 594 558 invadunt
609 499 693 574 ignes
707 499 794 558 sauri.
820 496 860 556 ob
877 497 906 557 id
921 505 1024 556 aerato
1038 498 1128 575 prius
1143 497 1184 554 in·

129 596 179 651 144
191 583 289 646 linunt.
331 582 502 662 quibusdam
529 591 625 642 taurea
649 581 758 642 morbis
791 581 923 642 auxiliari
951 581 1050 642 dieunt
1075 581 1185 641 mediol

170 670 340 748 permixtam
355 667 437 742 aliia,
460 667 528 726 item
543 665 686 745 alopeeiis
706 665 930 744 suggillatisque
952 682 988 726 ao
1004 663 1201 738 liventibuus

169 763 224 814 444
239 767 312 812 rero
333 750 463 812 44444444
477 749 589 826 desint,
611 758 642 810 ut
662 750 778 814 seelera
799 767 857 810 uon
871 758 1007 814 tractent.
1047 749 1115 810 Setl
1130 750 1182 808 ista

53 873 61 889 ι
168 844 343 916 praetexunt
368 837 456 894 noxio
483 836 689 908 instrumento,
722 843 888 912 4044444144
916 833 1109 911 inpudentiae
1139 840 1182 890 est

37 961 41 968 -
126 959 127 966 1
168 931 199 980 nt
211 937 353 982 venenum
370 919 438 980 artis
456 935 525 978 esse
545 919 749 997 persuadeant.
779 917 907 996 ’44414444
926 918 956 976 iu
970 916 1076 976 444444
1092 916 1180 976 vehe-

169 1004 357 1064 mentissima.
389 1001 503 1080 (1444444
524 1001 639 1062 ’4444444
662 1002 789 1064 44444444
808 1019 864 1081 per
883 1002 987 1062 4444444
1012 1007 1044 1060 et
1065 1001 1099 1060 in
1121 1002 1181 1078 ipsa

171 1085 313 1148 exolvent
335 1085 452 1161 444444,
477 1102 533 1164 quo
553 1086 801 1162 annumerabant,
824 1085 1045 1164 arefactumque
1061 1083 1179 1144 tollunt
1189 1109 1204 1148 ιι

129 1181 180 1235 146
193 1170 241 1230 alii
257 1169 344 1246 folia,
361 1169 491 1245 caulem,
508 1170 637 1230 44444444
650 1171 769 1231 44444444
782 1172 813 1230 44
829 1169 889 1248 pilu
903 1177 934 1228 et
949 1185 1052 1231 suanm
1069 1169 1103 1228 in
1119 1168 1180 1228 sole

168 1264 304 1315 44444444
320 1254 448 1316 dividant
462 1255 491 1314 iu
507 1255 650 1332 pastillos.
679 1253 759 1314 Nero
776 1251 888 1314 Caesar
905 1252 1071 1314 elariutenr
1085 1255 1118 1313 ei
1133 1253 1179 1312 de·

112 1359 114 1368 ·
170 1339 211 1400 alit
233 1339 313 1398 initio
335 1339 455 1416 imperi,
475 1341 623 1414 nocturnis
647 1337 876 1416 grassationibus
897 1335 1119 1399 converberata
1142 1337 1178 1416 la·

171 1425 217 1484 oie
229 1423 352 1484 inlinens
367 1425 487 1482 aierunt
501 1432 716 1500 meroreque,
732 1432 761 1482 et
777 1431 881 1482 444444
893 1421 940 1481 444
957 1429 1060 1480 eontra
1075 1421 1178 1482 444444

169 1517 267 1569 entem
285 1509 427 1568 sinceram
450 1505 666 1568 circumferens.
684 1508 791 1583 „igneus
807 1506 909 1566 ferulis
928 1513 1046 1583 optume
1061 1505 1202 1570 serrarirs

171 1600 281 1652 oerturu
297 1601 341 1652 est
355 1605 466 1668 easque
481 1592 510 1650 in
528 1590 674 1690 Aegypto¹
681 1589 876 1669 praecellere.

129 1682 181 1738 147
257 1673 307 1734 23.
332 1675 419 1752 (44.)
440 1672 497 1734 Ubi
512 1684 541 1735 et
557 1677 708 1753 supparia,
725 1673 858 1734 firmioris
876 1673 946 1751 ligni
961 1673 1080 1749 irater,
1095 1675 1177 1734 sensi·

69 1767 72 1772 '
169 1755 534 1835 nisqaeeteibisvolgati
548 1757 1009 1838 4441414414444414444444144
1023 1759 1176 1836 decerpto.

169 1841 302 1902 4444444
317 1843 378 1901 4444
395 1857 506 1916 genera
522 1843 692 1918 peregrina,
709 1841 852 1921 siquidem
868 1836 1005 1902 Arabium
1021 1838 1176 1939 1408444444,

170 1924 863 2002 4444444144344444444444444,4444444444
880 1925 974 1984 volvis
997 1934 1026 1984 et
1052 1926 1203 1988 44444444

107 1998 114 2022 '
148 2007 376 2070 inflationibus.
409 2006 536 2086 41444444
557 2010 681 2070 nonnitus
706 2011 793 2087 latit,
817 2007 998 2071 stornaelrum
1023 2017 1054 2068 et
1080 2009 1176 2070 alvear

168 2092 269 2155 solvit.
301 2092 414 2172 41444444
431 2091 460 2154 44
473 2092 653 2168 4144444444
668 2103 790 2171 vorsant,
811 2094 859 2154 alii
875 2093 1134 2172 ophiostaphylen

88 2246 91 2258 ¹
130 2188 180 2244 128
245 2179 329 2258 (45.)
342 2175 509 2236 Fruteotosi
524 2187 569 2238 est
585 2180 702 2256 generis
720 2187 749 2238 et
771 2178 888 2256 saripha
910 2179 988 2238 eirea
1006 2175 1105 2237 Nilum
1128 2195 1175 2237 44-

127 2287 131 2296 ·
166 2279 273 2339 44444,
288 2264 407 2324 luorum
419 2261 512 2322 ierne
527 2260 689 2324 oubitoruur
705 2262 869 2340 altitudine,
886 2261 1019 2339 pollicari
1039 2263 1175 2322 erassitu-

171 2349 253 2422 4444,
269 2348 484 2425 4444144141ιί,
501 2345 643 2424 similique
658 2345 799 2408 manditur
809 2345 913 2420 ruodo,
930 2345 1029 2406 radioe
1045 2345 1204 2416 ferrariis„

170 2431 295 2490 44444444
307 2432 468 2508 praecipua
482 2429 618 2490 carbonis
632 2447 686 2490 usn
701 2440 824 2508 prepter
838 2429 978 2490 4444444444.

129 2522 182 2576 149
256 2512 306 2574 24.
332 2514 416 2591 (46.)
440 2511 506 2572 Non
527 2513 712 2574 4444444444
722 2523 773 2574 444
794 2523 823 2572 et
845 2513 923 2591 qaod
937 2512 1088 2588 Babylone
1102 2513 1175 2573 seri-

170 2604 216 2654 tur
235 2598 264 2654 ia
281 2597 387 2674 spinis,
415 2597 549 2674 41444444
569 2613 627 2658 nnn
647 2597 736 2656 aliubi
756 2599 852 2672 44444,-
864 2597 938 2658 sieut
962 2606 991 2658 et
1010 2597 1124 2656 viseum
1148 2597 1176 2654 iu

168 2677 340 2756 arboribus,
355 2680 408 2740 444
427 2680 498 2740 illud
513 2683 638 2759 inopina
653 2689 759 2742 4444444
773 2698 849 2759 quae
863 2681 945 2758 regia
962 2689 1093 2742 voeatur.
1127 2678 1175 2738 uri·

169 2765 241 2838 4444,
254 2762 334 2842 41444
347 2763 451 2824 eodem
462 2765 510 2826 die
520 2766 663 2842 germinat
675 2781 733 2845 quo
742 2767 879 2826 44444444
891 2773 938 2825 est
946 2764 1115 2824 —--inieitur
1126 2781 1204 2830 444

120 2847 123 2853 ’
170 2856 229 2908 444
251 2849 317 2926 ipso
339 2848 420 2910 44444
435 2857 500 2909 ortu
514 2883 556 2893 —-
573 2858 604 2910 44
618 2847 1071 2926 44444444444444404444441444.
1100 2845 1175 2908 con-

169 2932 249 2992 diant
271 2949 309 2990 eo
325 2931 407 3005 vina,
428 2941 456 2992 44
472 2933 538 2994 ideo
554 2942 663 3014 serunt.
695 2935 786 3011 Spina
799 2932 851 2994 illa
864 2933 1040 2994 4444444444
1053 2930 1175 2992 Athenis

169 3015 199 3078 in
212 3016 311 3093 444444
325 3017 422 3074 muris.

254 3101 335 3179 (47.)
353 3097 463 3158 Frater
485 3109 531 3160 444
550 3111 581 3162 44
601 3102 710 3177 4144444
729 3100 768 3163 ab
783 3099 978 3180 4414444044
996 3099 1175 3160 Atheniense

170 3187 249 3244 miris
271 3183 404 3244 laudibus
417 3183 601 3261 praedicatus
617 3185 724 3265 pabulo
745 3187 857 3261 ovium,
881 3186 977 3245 aridus
999 3201 1072 3244 vero
1088 3185 1202 3258 0444444

123 3311 125 3314 -
170 3284 267 3342 suasa,
292 3267 477 3345 spondetque
501 3268 604 3346 iugero
631 3271 692 3330 eius
712 3283 804 3340 annue
820 3269 876 3329 tls.
892 3283 948 3330 4444
967 3269 1016 3328 rel
1036 3268 1175 3330 mediocri

170 3351 238 3410 4444
258 3351 378 3412 reditus.
409 3351 517 3412 utilitas
541 3371 615 3432 41444
638 3371 726 3428 ervo,
745 3354 797 3414 444
810 3355 893 3412 44444
909 3357 1014 3428 sonas,
1036 3369 1175 3432 perquam

167 3434 283 3494 4444444
312 3437 743 3517 1444444444441444441444,
773 3439 811 3516 ita
833 3447 863 3499 at
884 3440 1010 3498 iumenta
1036 3433 1175 3498 hordeum

170 3521 319 3592 ¹aperirent.
349 3536 408 3580 non
424 3538 462 3582 ex
475 3521 535 3582 alio
554 3519 662 3602 pabulo
680 3521 764 3583 laetis
780 3521 873 3582 maior
888 3523 974 3601 eopia
990 3530 1039 3583 ant
1059 3522 1172 3599 melior,
