2482 3910
133 166 209 236 ltili
499 179 807 232 commonentem

103 349 140 405 m
207 341 258 401 31.
283 340 366 420 (46.)
385 337 508 400 Oscines
523 346 642 417 praeter
658 345 799 415 exceptas
813 351 870 396 non
885 343 997 396 temere
1013 334 1096 395 letus
1111 337 1155 396 la·
1221 325 1223 382 ἶ

102 471 107 480 .
147 426 224 484 ciant
241 433 307 484 ante
323 425 536 502 aequinoctium
551 439 669 482 vernum
685 430 733 480 aut
744 429 811 498 post
824 419 998 494 autumnale,
1010 429 1081 480 ante
1094 421 1155 481 eol·

146 510 251 569 stitirm
264 518 359 570 autem
373 507 487 584 dubios,
506 515 574 586 post
589 505 742 566 solstitium
755 504 861 564 vitulis.

103 601 139 660 89
205 592 255 653 32.
285 594 371 672 (47.)
398 591 443 651 Eo
468 607 600 652 maxume
623 598 688 648 sunt
718 590 847 664 insignes
874 587 1047 663 halcyones.
1089 588 1155 649 dies

145 693 243 738 etrum
256 685 357 756 partus
371 678 459 736 maria
476 676 583 753 quique
600 675 734 750 navigant
750 689 871 732 novere.
901 673 966 751 ipsa
981 673 1046 732 avis
1061 673 1174 750 paulos
1225 669 1227 752 l

145 761 268 840 amplior
282 777 415 839 passere,
430 760 532 819 colore
543 775 668 833 cyaneo,
682 776 720 816 ex
732 766 814 836 parte
829 759 940 816 minore
956 765 1066 816 tantum
1086 773 1154 834 pur·
1227 817 1228 828 ,

143 863 246 925 parea,
262 844 315 904 sed
331 842 458 904 candidis
472 843 598 904 admixta
614 843 718 921 pinnis,
736 840 815 901 collo
832 841 935 918 gracili
956 857 993 902 ac
1009 857 1153 918 procero.
1227 837 1229 916 ζ

145 930 267 991 alterum
283 945 376 1004 genus
387 945 485 988 earum
496 927 690 1004 magnitudine
704 926 886 1002 distinguitur
901 935 930 985 et
953 937 1036 985 caret
1055 934 1153 986 cantu.

102 1015 273 1080 seminares
289 1013 318 1071 in
328 1010 524 1072 hmnndinstis
536 1019 648 1072 canunt.
664 1010 844 1085 Halcyonem
855 1010 956 1071 ridere
972 1011 1154 1070 rarissimum

146 1105 202 1171 est,
219 1113 275 1155 nec
290 1093 551 1172 nisivergiliarum
568 1111 676 1156 occasu
694 1104 724 1154 et
740 1097 818 1154 circa
839 1094 964 1156 solstitia
980 1094 1152 1154 brumamuc
1162 1105 1183 1146 it
1230 1097 1231 1128 ³

145 1199 219 1242 nave
248 1179 401 1258 aliqnando
422 1180 630 1241 circumvolata
659 1180 752 1240 statim
775 1180 804 1238 ia
831 1178 958 1239 latebras
984 1178 1153 1240 abeuntem.
1230 1183 1232 1262 J

145 1264 298 1326 Pedicant
309 1263 420 1340 bruma,
435 1266 486 1343 qui
500 1265 563 1326 dies
576 1263 765 1340 halcyonides
778 1273 931 1339 vocantur,
949 1263 1069 1342 placido
1081 1263 1154 1324 mari

146 1367 200 1429 per
214 1367 268 1410 eos
285 1358 314 1409 et
329 1348 495 1426 navigabili,
514 1351 613 1410 Siculo
629 1365 770 1409 maxume.
802 1348 910 1408 faciunt
924 1357 1019 1408 autem
1034 1356 1153 1427 septem

146 1445 212 1496 ante
233 1434 362 1495 Ιιτιιιιιιιιι
383 1433 485 1494 diebus
501 1434 604 1508 nidos,
625 1443 654 1492 et
675 1432 795 1493 totidem
817 1432 1006 1511 sequentibus
1022 1435 1152 1510 pariunt.
1233 1455 1235 1510 ι

103 1520 206 1582 blnidi
227 1537 325 1579 earum
350 1517 565 1578 admirationem
590 1517 697 1578 liabent
719 1517 796 1595 pilee
826 1517 918 1594 ligura
939 1517 1056 1596 paulum
1080 1517 1185 1576 emi-¹⁸

145 1612 223 1745 lt?
239 1601 1154 1765 ‘’ttlllttltlllllutt'}litttllltltlttlllt

146 1787 246 1848 mma
260 1769 339 1828 arida
354 1771 450 1828 maris.
483 1788 540 1829 nec
556 1771 632 1831 unde
649 1771 849 1848 confinguntur
863 1771 1016 1832 invenitur.
1051 1778 1153 1848 patant

146 1872 185 1914 eu
196 1854 287 1930 spinis
302 1853 454 1928 aculeatis,
469 1853 600 1931 piscibus
616 1857 692 1914 enim
703 1856 811 1916 vivont.
833 1855 957 1916 subeunt
970 1864 1000 1915 et
1011 1855 1040 1914 in
1052 1855 1152 1914 amnis.

145 1938 260 2017 pariunt
275 1953 330 1997 oua
348 1937 443 2014 quina.
551 2007 553 2014 Α
1160 1953 1185 1994 ao

132 2037 147 2100 ⁶,
209 2019 292 2100 (48.)
317 2020 424 2082 Gaviae
446 2023 474 2082 in
483 2022 579 2100 penis
591 2022 755 2098 nidificant,
778 2025 872 2102 mergi
896 2033 925 2084 et
942 2025 970 2084 ia
986 2022 1151 2084 arboribus.

145 2107 260 2186 patiant
284 2107 445 2187 plurumum
467 2115 564 2182 terna,
595 2099 649 2168 sed
673 2110 777 2186 gaviae
806 2117 933 2184 aestate,
958 2109 1051 2185 mergi
1080 2108 1151 2168 inci·

146 2192 245 2270 pionte
263 2209 345 2252 rere.
651 2195 656 2204 “

102 2285 137 2340 bt
206 2275 256 2338 33.
279 2275 362 2355 (49.)
386 2273 565 2351 llaloponum
582 2277 639 2336 nidi
655 2277 747 2356 figura
763 2276 938 2354 reliquarum
957 2291 1075 2354 quoque
1090 2275 1151 2336 sol·

144 2362 248 2422 lertiae
266 2361 410 2436 admonet,
431 2378 528 2439 neque
543 2360 599 2421 alia
615 2371 698 2441 parte
713 2361 828 2439 ingenia
843 2363 937 2422 avium
951 2361 1043 2438 magis
1061 2359 1186 2420 adoni-cc

70 2467 73 2477 ι
145 2445 235 2506 nanda
252 2453 327 2504 aunt.
356 2441 529 2504 Hirundines
547 2444 607 2505 luto
623 2454 809 2521 construunt,
825 2454 984 2506 stramento
999 2443 1151 2504 roborant.

146 2529 170 2585 si
185 2527 299 2611 quandp
315 2529 412 2605 inopia
427 2537 473 2587 est
487 2529 555 2603 luti,
576 2528 758 2590 madefactae
773 2529 861 2590 multa
882 2547 958 2607 aqua
974 2529 1070 2606 pinnis
1086 2528 1151 2606 pul·

144 2627 244 2668 rerem
260 2620 407 2688 spargunt.
438 2613 535 2689 ipsum
549 2629 621 2672 vero
646 2613 741 2674 nidum
755 2613 892 2674 mollibus
909 2612 1014 2692 plumis
1034 2612 1151 2672 floccis-

146 2709 203 2772 que
219 2703 405 2754 consternunt
421 2695 634 2774 tepefaciendis
652 2699 727 2774 ovis,
744 2697 827 2758 simul
847 2715 884 2757 ne
903 2698 990 2758 durus
1006 2698 1043 2757 sit
1058 2696 1151 2756 inian-

145 2776 221 2837 tibns
239 2777 337 2855 pullis.
368 2780 397 2839 in
412 2778 473 2840 ictu
496 2799 603 2842 summa
622 2784 769 2862 aequitate
789 2782 931 2842 alternant
943 2782 1048 2842 cibum.
1068 2789 1188 2846 nota-to

145 2861 197 2923 bili
212 2861 345 2922 munditia
357 2874 480 2940 egerunt
494 2876 682 2927 excrementa
698 2866 853 2944 pullorum,
866 2866 1085 2942 adultioresque
1096 2866 1153 2925 cir·

103 2947 261 3024 cennmugi
283 2946 392 3006 docent
417 2958 447 3008 et
469 2949 542 3011 ioris
570 2951 749 3024 saturitatem
774 2953 917 3012 emittere.
952 2949 1086 3011 Alterum
1105 2958 1154 3007 est

145 3030 323 3092 hirundinum
344 3049 438 3108 genus
459 3036 630 3096 rusticarum
647 3045 677 3094 et
697 3035 855 3112 agrestium
879 3051 956 3112 quae
971 3050 1040 3094 raro
1056 3035 1085 3093 in
1098 3032 1152 3093 do

145 3115 238 3174 mibus
259 3115 392 3176 diversos
414 3117 505 3193 ligura
526 3119 582 3180 sed
603 3120 708 3180 cadem
728 3119 851 3180 materia
872 3118 1041 3195 contingunt
1054 3117 1151 3192 nidos,

146 3205 224 3260 totos
239 3200 370 3278 supinos,
392 3201 524 3262 faucibus
542 3205 734 3282 porreotisia
749 3215 911 3280 angustum,
934 3212 1018 3262 utero
1035 3203 1188 3280 capacite

146 3283 246 3343 mirum
261 3302 316 3362 qna
331 3287 436 3364 peritia
452 3295 480 3344 et
495 3287 673 3352 occultandis
689 3287 794 3348 babilis
812 3287 899 3366 pullis
914 3296 944 3347 et
960 3286 1151 3350 substernen-

103 3363 193 3427 attis
208 3368 314 3428 mollis.
346 3368 379 3429 ln
396 3369 523 3448 Aegypti
543 3369 749 3434 Heracleotico
772 3373 848 3432 ostio
870 3371 977 3432 molem
1003 3373 1154 3432 conduna-

16 3495 17 3498 ι
147 3447 226 3508 tione
246 3451 375 3513 nidorum
395 3457 528 3533 evaganti
543 3454 610 3516 Nilo
634 3455 888 3536 inexpugnabilem
902 3465 1054 3535 opponunt
1076 3455 1154 3517 studi
