2482 3910
298 233 378 282 nau.
396 233 487 282 rursu.
510 229 571 284 xn.
588 191 674 288 e-tss
693 223 827 306 (7-14.)
1001 201 1059 294 111

60 399 125 451 eam
146 385 288 447 aestimat
305 395 442 466 partums
459 406 579 469 opacam
601 391 755 480 pariterget
773 390 906 452 munitam
922 395 999 456 va'llo
1016 391 1061 457 arss

59 474 157 547 boris,
181 471 289 532 deeora
309 475 411 550 speeie
427 471 526 534 subter
546 475 665 535 intuenti
685 476 827 554 proculve
842 475 985 541 fornicato
1004 495 1060 541 am·
1188 475 1192 480 ’

60 557 130 617 bitu.
172 553 340 635 superiores
359 557 487 618 eiusdem
502 559 572 618 rami
594 561 622 619 in
645 560 793 620 excelsum
811 561 934 620 emicant
950 561 1104 632 1111111113

59 639 254 716 multitudiue,
277 649 361 700 vasto
375 643 474 701 matris
496 656 638 722 corpore,
661 654 691 703 ut
710 655 757 705 Lx
779 661 882 723 passos
903 643 1062 726 pleraeque

39 723 135 789 corbe
155 724 308 802 colligant,
333 723 432 784 umbra
456 741 527 786 vero
548 725 614 787 bina
636 725 726 788 stadia
750 728 890 810 operiant.
928 727 1061 790 foliorum

59 808 180 870 latitudo
198 807 295 887 peltae
308 807 436 886 eldgiem
447 809 640 872 Amazonicae
656 811 753 872 hahet.
789 827 823 872 ea
838 829 925 873 causa
940 813 1062 875 fructum

58 894 193 970 integens
213 909 350 953 erescere
372 893 523 972 prohibet,
546 911 686 976 rarusque
708 907 824 958 estnec
846 895 931 957 labae
952 899 1060 976 magni·

59 977 186 1038 tudinem
203 977 374 1051 excedens,
402 978 453 1038 sed
480 994 534 1057 per
558 979 628 1040 lolia
651 979 762 1042 solibus
785 989 884 1042 coctos
912 980 1060 1062 praedulci

50 1077 169 1140 sapore
194 1059 295 1138 dignos
320 1061 460 1121 miraculo
491 1061 612 1122 arboris.
661 1065 788 1142 gignitur
816 1065 894 1125 eirca
916 1063 1062 1138 'Acesinen
1126 1089 1137 1136 r
1204 1058 1211 1070 “

25 1159 191 1207 romanume
208 1158 328 1205 amnem.
466 1161 468 1166 ·

120 1229 152 1290 6.
176 1229 258 1308 (12.)
284 1228 377 1290 Maior
400 1229 472 1305 alia,
498 1246 584 1309 pomo
608 1239 636 1290 et
657 1235 797 1292 suavitate
820 1231 1103 1312 praecellentior,24

60 1331 118 1393 quo
140 1315 287 1391 sapientes
309 1311 442 1373 ludorum
467 1315 575 1374 vivont.
619 1313 719 1376 lolium
740 1316 800 1376 alas
820 1318 912 1375 avium
937 1315 1060 1377 imitatur

3 1467 4 1472 η
58 1397 239 1474 longitudine
260 1397 342 1457 trium
360 1397 536 1474 cubitorum,
559 1399 706 1460 latitudine
722 1400 816 1460 doum.
851 1400 974 1460 fructum
996 1413 1059 1460 cor·

58 1483 117 1541 tice
140 1483 223 1540 mittit
243 1481 439 1542 admirabilem
459 1483 521 1542 suci
537 1481 689 1544 dulcedine
705 1491 734 1546 et
750 1491 836 1545 tanto
854 1483 1061 1561 magnitudine

24 1575 49 1620 11
59 1573 91 1624 ct
104 1581 163 1623 uno
178 1573 334 1643 quaternos
349 1567 442 1626 satiet.
477 1565 573 1627 arbori
588 1583 692 1628 nomen
709 1568 811 1647 palae,
830 1583 916 1646 pomo
933 1567 1058 1628 arienae.

58 1649 191 1727 pluruma
215 1649 311 1708 estin
337 1649 489 1727 Sydracis,
512 1653 726 1729 expeditionum
748 1651 907 1711 Alexandri
927 1653 1059 1711 termino.

58 1729 113 1792 Est
125 1742 157 1792 et
176 1732 231 1793 alia
245 1731 344 1793 similis
360 1735 442 1810 huic,
466 1735 578 1795 dulcior
593 1753 690 1815 pomo,
712 1735 765 1796 sed
782 1737 995 1795 interaneorum
1010 1751 1060 1795 ua·

59 1815 179 1876 letudini
199 1816 313 1878 infeste.
351 1819 482 1879 edixerat
502 1819 670 1881 Alexander
688 1839 724 1880 ne
748 1819 810 1900 quis
827 1820 948 1897 agminis
969 1819 1012 1878 sui
1031 1819 1060 1880 id

59 1915 176 1979 pomum
191 1899 354 1978 attingeret.

23 2001 50 2045 ao
129 1983 212 2063 (13.)
242 1983 355 2046 Genera
371 1985 504 2046 arborum
520 1983 697 2050 biacedones
715 2002 872 2048 narravere
892 1991 1002 2049 maiore
1020 2005 1057 2046 ex
1068 1995 1102 2051 11

58 2076 144 2148 parte
174 2067 236 2128 sinc
264 2067 433 2130 nominibus.
480 2067 534 2131 list
566 2081 595 2132 et
623 2071 787 2132 terebintho
817 2069 918 2131 similis
949 2081 1058 2146 cetera,

57 2167 147 2232 pomo
174 2151 348 2230 amygdalis,
377 2155 487 2213 minore
512 2164 618 2214 tanturn
645 2153 856 2230 magnitudine,
882 2153 1059 2232 praecipuae

58 2237 224 2312 suauitatis,
251 2237 279 2296 in
304 2235 415 2297 Bactris
433 2238 541 2316 otique.
580 2237 653 2298 hano
674 2237 762 2316 aliqui
783 2233 968 2296 terebinthon
991 2251 1059 2295 esse

58 2319 183 2401 proprii,
200 2321 317 2398 generis
347 2320 442 2399 potios
472 2335 556 2400 quam
584 2318 706 2380 similem
732 2321 758 2380 ei
784 2329 964 2399 potaverunt.
1006 2319 1059 2380 sed

22 2404 135 2466 arunde
155 2403 246 2464 vestis
269 2403 361 2465 lineas
383 2405 492 2465 iaciunt
511 2403 592 2466 loliis
612 2419 694 2465 moro
715 2403 834 2480 similis,
859 2399 961 2480 calyce
979 2401 1061 2482 pomi

57 2487 254 2566 cynorrhodo.
287 2493 387 2548 serunt
402 2503 464 2549 eam
481 2491 508 2549 in
525 2492 650 2570 campis,
672 2505 729 2549 neo
744 2497 789 2548 est
803 2489 914 2566 gratior
928 2487 1059 2548 uillarum

56 2580 255 2736 pmiieiilii‘)
282 2655 365 2717 Oliva
387 2655 485 2717 lndiae
504 2657 612 2718 sterilis
632 2665 836 2738 praeterquam
855 2644 974 2716 oleastri
996 2656 1054 2716 iru-
1065 2663 1100 2720 16

57 2749 133 2799 etos.
172 2743 279 2818 passim
294 2755 366 2801 uero
382 2756 456 2819 quae
471 2743 555 2822 piper
576 2743 695 2820 gignunt
715 2739 844 2819 iunipiris
860 2741 967 2800 nostris
984 2739 1058 2800 simi·
1158 2755 1160 2760 ·

22 2825 121 2900 soles,
145 2836 315 2904 quamquam
331 2827 359 2885 in
375 2825 470 2884 ironte
484 2823 606 2886 Caucasi
623 2823 734 2886 solibus
749 2825 885 2902 opposita
903 2825 982 2902 gigni
998 2831 1058 2882 tau·
1136 2879 1141 2900 ,

57 2917 119 2969 turn
133 2922 183 2968 eas
202 2907 289 2988 aliqui
303 2909 458 2970 tradidere.
503 2909 611 2970 semina
627 2924 643 2969 a
663 2907 787 2988 iunipiro
809 2907 914 2968 distant
930 2905 1058 2986 parvolis
1109 2921 1114 2928 ’

56 2994 182 3072 siliquis,
194 2995 297 3072 quales
308 2997 336 3054 in
348 2992 488 3072 phasiolis
501 2995 640 3054 videmus.
666 2992 721 3053 hae
734 2993 899 3071 prinsquam
911 2990 1061 3050 dehiscant

55 3078 219 3156 decerptae
235 3087 388 3156 comaeque
404 3076 468 3137 sole
483 3077 592 3138 iaciunt·
605 3077 682 3156 quod
696 3081 817 3136 vocator
832 3075 916 3155 piper
930 3073 1058 3150 longum,

54 3161 195 3241 paulatim
209 3174 282 3222 uero
295 3163 480 3223 dehiscentes
496 3161 657 3222 natomtete
679 3157 834 3220 ostendunt
849 3158 998 3219 candidum
1014 3157 1057 3235 pi·

6 3245 233 3326 ‘espen-qood
255 3245 359 3308 deinde
380 3253 486 3308 tostum
506 3243 617 3306 solibus
639 3243 740 3304 colore
763 3245 901 3323 rugisque
923 3248 1057 3302 motatur.

53 3347 158 3390 uerum
174 3329 262 3390 ethis
281 3349 331 3390 sua
347 3332 447 3390 iniuria
469 3339 531 3406 est,
553 3340 640 3408 atque
657 3329 733 3389 caeli
749 3325 919 3406 intemperie
936 3323 1054 3384 carbon·
1065 3327 1100 3387 17

55 3413 157 3477 colant
177 3412 305 3494 flentque
320 3417 428 3475 semina
445 3430 528 3476 cessa
544 3421 574 3474 et
590 3411 702 3488 inania,
725 3412 803 3492 quod
819 3417 925 3470 vocant
938 3408 1058 3486 bregma

55 3501 99 3560 sic
114 3499 252 3562 ludorum
275 3501 372 3578 lingua
393 3498 574 3576 significante
592 3499 742 3558 nmmum
787 3494 903 3640 111114εέ
917 3491 993 3554 omni
1006 3507 1058 3571 ge·
1105 3594 1110 3600 Ι
