2462 3900
177 189 239 250 266
519 201 549 248 c.
565 201 660 249 sumn
680 201 829 251 sncuson

177 366 243 418 ente
261 357 451 416 maturitatem
468 356 628 434 decerptae
645 357 789 416 siccantur
806 355 867 417 icri
884 359 966 436 sole,
982 371 1028 421 ter
1044 363 1094 424 die
1114 386 1181 428 ven-

177 449 257 504 satae
279 440 487 519 pertriduum,
511 447 613 519 quarto
638 441 851 518 exprimuntur,
873 441 939 502 dein
957 446 988 508 in
1010 448 1092 507 cadis
1115 451 1181 512 sole

131 533 169 588 te
178 528 381 584 inveterantur.
413 522 467 584 Coi
482 525 617 583 marinam
634 541 736 602 aquam
752 524 911 602 largiorem
929 529 1084 591 miscente
1102 537 1182 595 servi

141 639 145 654 ·
175 610 251 670 iurto
268 610 382 686 origine
400 617 462 668 orte
481 610 523 668 sic
538 624 700 668 mensuram
717 608 879 686 explentis,
902 612 988 689 idque
1008 616 1182 677 translatum

174 695 202 754 in
220 693 315 753 album
333 701 453 752 mustum
471 691 643 752 leucocoum
658 692 832 770 appellatur.
866 695 893 754 io
914 696 978 754 aliis
992 708 1093 758 autem
1109 719 1198 778 gen-s

174 778 251 838 tibus
266 776 349 836 simili
364 777 449 836 modo
464 776 571 836 laetum
587 775 853 861 tethalassomenon
868 787 990 856 vocant,
1005 783 1181 845 thalassiten

174 872 269 922 autem
292 861 367 920 vasis
384 861 469 920 musti
484 859 606 919 deiectis
623 863 651 919 in
672 876 767 935 mare,
791 877 849 939 quo
870 879 980 940 genere
996 883 1136 942 praecox
1153 869 1180 928 lit

130 954 314 1012 t9vetustas.
346 959 475 1002 necnon
496 943 572 1021 apud
594 961 648 1002 uos
666 959 783 1023 quoque
799 941 890 1004 (ioum
905 949 998 1008 vinum
1020 968 1064 1008 ex
1075 949 1179 1012 Italico

172 1028 297 1090 faciendi
317 1029 456 1086 rationem
481 1025 554 1086 Galo
581 1027 800 1101 demonstravit,
828 1046 918 1108 super
940 1040 1040 1100 cetera
1062 1035 1092 1092 in
1115 1037 1180 1096 solo

172 1112 360 1192 quadriennio
372 1110 566 1172 maturandum
578 1109 771 1190 praecipiens.
788 1109 928 1173 Rhodium
936 1111 999 1174 Coo
1012 1117 1111 1178 simile
1126 1125 1205 1194 esti·

172 1197 345 1258 Phorineum
362 1195 466 1255 salsius
480 1193 553 1255 Coo.
579 1197 671 1258 omnia
687 1197 872 1256 transmarina
884 1199 948 1257 vina
966 1209 1083 1278 septem
1100 1206 1179 1262 annis

172 1282 208 1341 ad
225 1289 397 1340 vetustatem
412 1280 534 1340 mediam
549 1281 704 1358 pervenire
720 1281 926 1342 existimantur.

127 1375 165 1430 80
235 1365 264 1426 9.
287 1365 371 1442 (11.)
397 1363 500 1424 Vinum
515 1380 599 1423 omne
611 1364 695 1423 dulce
711 1365 802 1422 miuus
816 1361 975 1440 odoratum,
989 1383 1048 1444 quo
1061 1372 1177 1430 tenuius

172 1467 208 1510 eo
225 1449 384 1509 odoratius.
415 1448 532 1508 colores
545 1449 619 1507 vinis
634 1456 783 1525 quattuor:
804 1446 904 1525 albus5
922 1449 1036 1525 lulvos,
1061 1455 1176 1532 sangui·

171 1554 260 1610 neus,
283 1534 375 1611 niger.
406 1532 543 1593 Psithinm
566 1541 595 1592 et
614 1531 853 1609 melampsithium
877 1534 955 1611 passi
976 1552 1092 1611 genera
1116 1545 1202 1596 sumu

172 1636 225 1680 suo
244 1635 367 1696 sapore,
391 1635 448 1676 non
469 1619 543 1691 vini,
568 1614 734 1690 scybelites
754 1632 826 1674 uero
845 1617 929 1677 mulsi
951 1617 979 1676 in
996 1617 1114 1680 Galatia
1132 1639 1177 1682 na·

108 1711 110 1716 '
172 1721 275 1777 scens,
299 1709 327 1760 et
350 1701 494 1760 llluntium
516 1702 544 1759 in
564 1700 673 1760 Sicilia.
710 1717 773 1758 nam
796 1700 936 1776 sinaeum,
952 1700 1038 1780 ¹quod
1061 1704 1116 1764 alii
1132 1705 1178 1765 he·

121 1850 129 1863 .
172 1803 289 1864 psema,
311 1787 402 1843 nostri
417 1801 515 1862 sapam
534 1783 699 1863 appellant,
721 1785 819 1861 ingeni
834 1801 892 1844 noo
909 1794 1028 1844 naturae
1042 1802 1122 1868 opus
1137 1797 1179 1848 est

171 1878 266 1928 musto
281 1885 373 1945 usque
391 1866 425 1926 ad
439 1868 552 1926 tertium
568 1885 721 1927 mensurae
740 1867 874 1928 decocto.
907 1870 985 1946 quod
1000 1869 1050 1928 ubi
1072 1871 1178 1932 iactum

171 1952 207 2012 ad
231 1951 372 2011 dimidiam
398 1960 459 2026 est,
487 1951 629 2010 defrutum
652 1967 807 2030 vocamus,
836 1954 930 2012 omnia
952 1955 980 2011 in
1003 1953 1202 2014 adulterinos

127 2047 158 2103 81
174 2037 269 2098 mellis
285 2037 460 2113 excogitata.
490 2035 542 2095 sed
556 2036 652 2113 priora
669 2053 724 2094 uva
740 2043 876 2114 terraque
891 2045 1032 2095 constant.
1058 2036 1177 2100 Passum

171 2139 187 2181 a
204 2120 322 2182 Cretico
341 2118 473 2180 Cilicium
495 2118 636 2198 probatur
651 2123 681 2178 el
696 2117 825 2179 Africum
842 2129 871 2178 et
892 2121 920 2178 io
933 2119 1015 2180 ltalia
1038 2121 1177 2182 linitimis·

171 2223 227 2284 que
243 2205 410 2285 provinciis.
443 2203 506 2264 lieri
523 2213 632 2263 certum
649 2211 694 2262 est
709 2219 746 2262 ex
758 2221 813 2262 uva
829 2221 912 2281 quam
925 2203 1030 2264 Graeci
1043 2206 1177 2282 psithiam

169 2300 293 2366 vocant,
314 2307 367 2349 nos
392 2289 539 2368 apianam,
560 2289 629 2347 item
654 2287 820 2365 scripulum.
851 2288 955 2348 diutius
976 2289 1006 2346 in
1029 2289 1092 2348 vite
1114 2289 1176 2348 sole

170 2374 278 2434 adustis
295 2382 343 2433 aut
358 2372 483 2432 ferventi
499 2371 578 2431 oleo.
614 2369 727 2449 quidam
743 2388 780 2430 ex
794 2387 975 2450 quacumque
991 2371 1070 2430 dulci
1079 2417 1089 2450 ,
1114 2373 1203 2432 dumet

170 2466 346 2534 praecocia,
363 2456 440 2532 alba,
457 2456 565 2516 iaciunt
581 2457 727 2518 siccantes
743 2455 826 2530 sole,
841 2453 936 2515 donec
949 2454 1036 2534 paulo
1053 2456 1176 2534 amplius

126 2551 162 2604 82
174 2539 317 2599 dimidium
332 2541 445 2618 pondus
461 2541 603 2619 supersit,
619 2548 776 2616 tunsasque
793 2538 898 2598 leniter
910 2539 1083 2616 exprimunt.
1113 2540 1177 2600 dein

171 2632 306 2702 quantum
328 2641 505 2702 expressere
525 2624 651 2684 adiciunt
667 2623 797 2683 vinaceis
810 2637 903 2700 aquae
915 2631 1076 2700 putemne,
1100 2633 1131 2682 ut
1149 2631 1176 2680 et

171 2706 371 2768 secundarium
388 2725 504 2784 passum
522 2706 639 2768 iaciant.
670 2707 871 2784 diligentiores
892 2705 996 2766 eodem
1014 2705 1105 2765 modo
1121 2707 1175 2764 sic·
1200 2743 1205 2754 ·

171 2793 242 2852 eatis
264 2792 364 2852 acinos
380 2793 506 2852 eximunt
528 2809 563 2851 nc
585 2793 646 2850 sine
669 2792 819 2852 sarmentis
839 2790 1018 2852 madefactos
1036 2791 1105 2848 vino
1126 2799 1203 2848 eur-tl

173 2877 309 2950 cedenti,
338 2875 660 2951 donectntumescam,
687 2884 835 2954 premunt,
865 2883 895 2934 et
915 2873 972 2948 hoc
995 2889 1089 2950 genua
1111 2881 1177 2932 aute

172 2971 271 3022 cetera
298 2956 430 3034 laudant,
463 2979 497 3020 au
524 2960 609 3019 simili
634 2959 721 3018 modo
752 2975 825 3038 aqua
852 2958 947 3019 addita
974 2957 1176 3016 secundarium
1224 3029 1225 3040 ἵ

125 3045 288 3112 ssiaciunt.
335 3041 459 3103 Medium
485 3045 560 3103 inter
592 3042 686 3112 dulcia
712 3045 865 3122 vinumque
893 3051 939 3101 est
968 3038 1044 3118 quod
1070 3039 1176 3099 Graeci

170 3131 321 3208 aigleucos
338 3135 461 3201 vocant,
484 3128 541 3187 hoc
566 3137 610 3188 est
626 3145 743 3206 semper
758 3136 905 3186 mustum
924 3123 953 3184 id
973 3123 1070 3182 evenit
1094 3139 1174 3196 cura,

170 3215 304 3293 quoniam
312 3210 704 3289 lerverepnohibetur÷sic
714 3210 862 3290 appellant
873 3210 957 3268 musti
967 3210 995 3266 in
1003 3209 1068 3266 uiua
1080 3215 1173 3266 traus-
1181 3212 1204 3254 ³⁵

170 3299 248 3357 itum.
265 3331 306 3341 —-
322 3311 394 3374 ergo
409 3303 543 3372 mergunt
559 3313 575 3354 e
589 3295 652 3355 lacu
669 3297 800 3374 protinus
819 3295 847 3354 io
866 3310 940 3370 aqua
953 3291 1059 3365 cados,
1079 3289 1174 3349 donec

170 3379 407 3442 brumatranseat
420 3389 449 3440 et
465 3380 642 3439 consuetudo
658 3381 707 3440 liat
719 3377 845 3455 algendl.
870 3375 924 3436 list
935 3377 1088 3435 etiamnum
1099 3371 1175 3433 aliud

171 3479 263 3538 genus
280 3465 341 3523 eius
358 3480 412 3542 per
428 3479 478 3540 se,
503 3461 580 3541 quod
597 3472 682 3524 vocnt
704 3463 789 3522 dulce
804 3456 1002 3520 Narbonensis
1024 3456 1175 3538 provincis
