2462 3900
156 193 217 254 236
504 199 805 250 orurmsucunm

113 369 204 424 tutae
220 367 377 437 quaternae
393 355 572 417 coalescunt.
604 357 699 417 multis
722 351 908 433 candidisque
930 355 1038 430 lignum
1059 351 1119 412 hoc
1141 370 1159 412 a

156 441 288 503 carnibus
304 441 477 502 discernitur
491 443 605 516 tunicis,
618 441 682 502 aliis
694 441 812 518 corpori
826 437 1062 512 adhaerentibus,
1077 437 1158 496 laxe·

157 543 213 606 que
233 523 342 586 distans
362 533 469 585 tantum
495 527 649 584 cacuminis
671 523 719 585 iilo
746 521 895 584 adhaeret.
939 537 1007 581 caro
1032 531 1157 580 mature·

156 611 210 670 scit
231 626 314 668 anno.
350 609 518 687 quibusdam
538 618 633 668 tamen
654 610 682 666 iu
705 608 795 682 locis,
818 615 848 665 ut
869 608 897 665 in
913 603 1028 682 Cypro,
1059 623 1158 682 quam-

156 711 240 774 quam
255 693 289 753 ad
308 693 497 752 mutaritatem
511 711 569 752 uon
583 693 750 771 perveniat,
765 700 849 767 grato
866 707 972 768 sapore
989 688 1084 747 dulcis
1103 696 1182 750 ests

154 777 254 837 iulium
270 776 310 836 ibi
325 777 428 851 latius,
450 775 559 835 tructus
576 794 660 854 quam
671 775 792 852 reliquis
807 775 973 846 rotundior,
990 790 1046 831 nec
1060 781 1093 830 ut
1108 772 1158 831 de-

155 869 273 920 roretur
293 875 417 937 corpus,
441 875 540 918 verum
566 869 597 918 ut
616 867 774 938 exspuatur
794 873 865 917 suco
887 856 972 915 modo
998 873 1158 934 expresso.

113 953 186 1009 diet
205 946 233 1002 in
248 942 355 1002 Arabia
375 942 510 1018 languide
530 943 631 1002 dulces
652 942 801 1002 traduntur
819 957 886 1001 esse
903 939 1033 1018 palmae,
1057 957 1157 1018 quam·

155 1045 238 1107 quam
255 1025 324 1086 iuba
337 1027 413 1104 apud
426 1026 558 1084 Scenitas
574 1025 687 1086 Arabas
703 1025 833 1104 praefert
848 1023 978 1083 omnibus
1000 1023 1159 1101 saporibus

76 1169 83 1178 ,
154 1127 238 1190 quam
252 1118 357 1169 vocant
371 1109 484 1169 dablan.
517 1119 617 1169 cetero
633 1112 695 1170 sine
710 1108 836 1168 maribus
856 1124 914 1166 non
934 1107 1055 1183 gignere
1072 1107 1157 1166 femi·
1169 1127 1191 1168 ro

155 1211 206 1253 nas
222 1202 326 1271 sponte
342 1193 419 1253 edito
434 1211 552 1253 nemore
568 1195 752 1269 confirmant,
769 1193 904 1270 circaque
920 1191 1049 1266 singulos
1063 1191 1158 1268 pluris

113 1289 146 1343 36
159 1287 259 1337 nutare
275 1277 303 1336 in
315 1295 379 1336 eum
393 1293 500 1355 pronas
512 1275 709 1338 blandioribus
725 1276 825 1336 comis.
853 1276 931 1335 illurn
947 1276 1055 1333 erectis
1066 1273 1158 1352 bispi-

157 1363 222 1422 dum
237 1361 342 1422 adllatu
357 1363 480 1441 risuque
496 1363 560 1438 ipso
580 1371 609 1420 et
624 1361 745 1440 pulvere
761 1361 846 1419 etiam
862 1359 991 1436 reliquas
1006 1359 1157 1434 maritare,

154 1441 236 1506 buin's
253 1445 357 1504 arbore
376 1447 475 1504 excisa
490 1445 605 1504 viduvio
622 1453 690 1522 post
702 1443 889 1503 sterilescere
905 1440 1035 1500 laminas.
1065 1441 1157 1502 adeo·

156 1549 212 1608 que
227 1539 272 1588 est
286 1531 402 1589 veneris
421 1529 586 1588 intellectus
601 1537 631 1587 ut
647 1529 738 1587 coitus
758 1528 844 1586 etiam
863 1526 1046 1601 excogitatus
1062 1528 1103 1584 sit
1119 1525 1156 1584 ab
1167 1545 1190 1584 rs

72 1659 75 1666 .
153 1613 267 1671 homine
290 1631 306 1671 e
329 1613 454 1672 maribus
479 1613 553 1672 dore
574 1629 608 1672 ac
631 1613 782 1688 lanugine,
815 1610 928 1669 interim
950 1627 1020 1669 vero
1048 1618 1159 1670 tautum

156 1695 277 1772 pulvere
293 1696 426 1773 insperso
442 1696 565 1770 leminis.

112 1788 145 1842 36
222 1777 273 1856 (8)
299 1779 438 1838 Serantnr
461 1789 556 1838 autem
578 1780 691 1858 palmae
717 1787 747 1837 et
769 1787 870 1838 trunco
892 1777 977 1837 duum
994 1775 1158 1836 cubitorum

155 1861 348 1936 longitudine,
370 1879 386 1921 a
402 1859 526 1921 cerebro
546 1864 609 1941 ipso
624 1864 736 1922 arboris
756 1861 866 1920 iissurls
886 1861 979 1920 diviso
1001 1869 1089 1938 atque
1106 1861 1155 1921 de-

153 1944 246 2003 iosso.
278 1955 307 2004 et
322 1945 357 2005 ab
373 1945 470 2005 radice
486 1946 605 2006 avolsae
624 1947 717 2006 vitalis
740 1955 785 2004 est
807 1955 886 2006 satus
905 1955 934 2005 et
952 1959 1097 2002 ramorum
1113 1954 1189 2004 terr

155 2030 296 2088 nerrirnis.
328 2031 357 2088 in
372 2028 492 2104 Assyria
510 2031 574 2108 ipsa
587 2046 702 2110 quoque
722 2031 809 2089 arbor
825 2037 913 2088 strata
932 2028 961 2086 in
976 2025 1041 2086 solo
1057 2030 1156 2088 umido

111 2119 146 2176 at
158 2119 218 2172 tota
233 2113 405 2188 radicatur„
417 2113 468 2174 sed
488 2115 516 2172 in
530 2114 668 2190 frutices,
693 2129 751 2172 non
766 2115 794 2171 in
806 2111 950 2173 arborem.
983 2129 1056 2188 ergo
1072 2111 1155 2189 plan·

153 2197 224 2256 taria
249 2197 396 2258 instituunt
428 2199 632 2277 anniculasque
659 2197 835 2257 transierunt
861 2205 890 2256 et
921 2197 1024 2255 iterum
1050 2195 1154 2255 bimas.

153 2279 281 2358 gaudent
295 2284 369 2342 eninr
388 2283 543 2342 mutatione
559 2281 657 2357 sedis,
673 2297 762 2352 verna
777 2280 862 2356 alibi,
876 2281 906 2338 in
922 2279 1043 2353 Assyria
1059 2288 1156 2338 autem

154 2367 231 2424 circa
247 2367 324 2426 canis
340 2375 429 2424 ortus.
456 2383 512 2425 neo
527 2366 606 2425 ierro
626 2366 766 2441 attingunt
786 2363 827 2423 ibi
843 2363 992 2438 novellas,
1014 2361 1067 2422 sed
1083 2363 1188 2422 reli-rs

155 2457 224 2522 gant
235 2465 335 2508 comas
349 2457 380 2506 ut
391 2451 418 2506 in
434 2448 609 2508 altitudinem
626 2459 740 2508 exeant.
769 2448 904 2507 robustas
920 2447 1058 2524 deputant
1075 2465 1156 2506 cras-

158 2530 287 2589 situdinis
305 2532 413 2607 gratia,
435 2532 622 2610 semipedalis
639 2550 783 2592 ramorum
797 2535 919 2591 'truncos
941 2529 1156 2608 relinquentes,

111 2609 146 2663 38
157 2613 205 2689 qui
220 2611 311 2672 decisi
322 2613 390 2673 alibi
405 2624 509 2674 necant
523 2625 651 2675 matrem.
678 2616 807 2676 Diximus
821 2615 929 2674 salsum
945 2613 981 2672 ab
998 2613 1042 2674 bis
1059 2614 1157 2673 solum

120 2683 143 2716 ²⁸
155 2695 254 2770 diligt.
279 2712 367 2771 ergo,
389 2697 438 2756 ubi
451 2715 508 2779 uoq
523 2706 570 2758 est
585 2700 661 2775 tale,
682 2700 773 2758 saleru
792 2697 986 2776 adspergunt,
1005 2714 1065 2756 non
1077 2698 1156 2758 radi·

154 2777 251 2853 cibus,
264 2780 317 2839 sed
333 2779 446 2858 longius
460 2783 558 2860 paulo.
582 2783 731 2855 Quaedam
745 2785 774 2842 in
789 2783 873 2856 Syria
887 2783 955 2840 etin
969 2780 1109 2860 Aegypto
1127 2783 1188 2840 inst

153 2862 237 2921 binos
249 2881 282 2922 se
293 2863 421 2939 dividunt
433 2873 569 2940 truncos,
588 2867 616 2924 in
628 2865 716 2926 Creta
731 2869 804 2926 etin
819 2876 934 2940 ternos,
952 2859 1156 2944 quaedamque

154 2956 186 3006 et·
202 2949 231 3005 iu
254 2949 366 3024 quinos.
400 2949 539 3024 quaedam
560 2949 656 3009 ierant
676 2953 771 3011 statim
794 2952 823 3008 in
844 2951 967 3009 trimatu.
1003 2949 1036 3006 in
1051 2945 1155 3025 Opprc

152 3047 238 3106 uero,
262 3032 361 3109 Syria,
381 3029 538 3110 Aegypto,
555 3033 738 3110 quaddnrae,
759 3033 834 3094 aliae
850 3033 1067 3110 quinquennes,
1090 3032 1163 3108 alti:

152 3115 251 3176 tudine
266 3115 398 3191 bominis,
414 3115 493 3176 nullo
505 3118 579 3176 intus
593 3119 671 3195 pomi
685 3117 764 3196 ligno
775 3116 908 3198 quamdiu
924 3123 989 3174 sunt
1002 3112 1154 3192 novellae,

154 3198 194 3258 ob
209 3200 238 3260 id
254 3200 413 3278 spadonum
424 3209 549 3276 accepto
564 3203 688 3260 nomine.
1049 3213 1051 3216 ·
1164 3215 1187 3257 aa

4 3355 5 3360 γ
112 3288 146 3343 39
220 3283 272 3362 (9)
303 3282 417 3344 Genera
440 3299 537 3342 earum
558 3285 654 3344 multa.
687 3284 841 3345 Sterilibus
864 3283 899 3344 ad
924 3284 1060 3342 materias
1081 3299 1154 3360 ope

153 3381 273 3443 rumque
297 3365 418 3427 lautiora
440 3367 526 3426 utitur
542 3367 662 3442 Assyria
676 3377 706 3428 et
727 3377 787 3428 tota
802 3368 910 3427 Persis.
948 3375 1013 3426 sunt
1034 3374 1065 3424 et
1086 3383 1154 3425 cae·

155 3446 228 3526 duae
243 3449 400 3524 pabnarum
414 3467 530 3550 quoque
549 3449 656 3526 silvae,
679 3469 778 3529 rursus
792 3453 985 3528 germinantes
1002 3449 1038 3510 ab
1053 3449 1154 3509 radice
