2482 3910
153 191 212 256 182
503 144 807 328 ornuursngurrnr

109 369 161 424 llo
171 359 235 437 pult
250 363 432 436 punientem
447 337 797 420 detrabat-membranam.
828 364 858 416 et
871 357 946 419 intes
956 357 1020 416 arla
1036 308 1163 418 ardiole

150 459 213 502 runa
230 457 342 518 genere
359 457 434 519 quos
456 439 562 501 lennos
577 451 684 502 voeant
700 442 794 504 altero
810 441 898 502 oeulo
917 457 1022 503 oerore
1035 438 1162 502 tradunt

91 597 95 610 ι
150 526 260 606 optumi
272 527 393 602 angeri,
407 524 519 586 eumad
534 535 663 588 ananum
674 525 1068 605 uolent'septeatrionemve,
1082 523 1163 586 solui

150 611 225 672 euim
238 609 371 690 perieuln
383 617 414 668 et
428 618 523 668 anetus
538 619 664 671 osmunt
694 608 826 687 Nigidius
838 627 896 672 nee
910 609 1032 670 lueastn
1046 626 1105 670 neo
1121 609 1161 668 oi·

150 695 230 756 nadis
243 711 312 755 erse
323 693 403 754 dioit.
428 692 543 754 eooleie
553 695 705 755 oeulorum
718 697 812 756 vinem
825 694 973 756 sornioula
989 692 1056 754 bina
1074 709 1184 771 praes

149 787 291 858 temptata
307 777 427 855 inplent.
455 795 511 838 neo
530 777 680 840 lumbriais
697 779 749 840 ulli
767 787 833 840 sunt
849 779 1026 840 vermiumve
1044 778 1160 854 generi.

107 873 157 929 141
213 862 297 943 (53.)
321 860 405 924 Ouuli
420 861 526 922 bomini
541 872 648 924 tantum
663 864 781 925 diverso
796 862 918 939 eolore,
937 863 1046 924 esteris
1059 862 1093 921 iu
1105 877 1160 922 ¹suo

149 950 253 1028 usique
266 963 379 1024 genere
393 946 511 1006 similes.
543 957 574 1008 et
589 964 729 1027 equorum
746 947 919 1028 quibasdam
933 947 1047 1024 glauci,
1063 945 1119 1008 sed
1134 943 1162 1004 ii

148 1032 263 1094 bomine
279 1031 532 1092 numerosissimae
544 1033 694 1094 redemtis
707 1042 793 1114 atque
808 1031 1001 1103 differentiae,
1020 1031 1160 1108 grandio-

48 1135 52 1151 ⁸
148 1133 213 1191 res,
225 1115 347 1190 modici,
363 1115 455 1194 parvi,
472 1117 680 1194 prominentes,
693 1133 767 1194 quos
779 1115 949 1178 hebetiores
963 1123 1075 1194 putant,
1088 1132 1158 1175 eon·
1169 1133 1190 1174 a

148 1198 214 1273 diti,
231 1215 308 1279 qnos
324 1200 486 1262 clarissime
501 1217 642 1275 eernere,
660 1203 734 1262 siout
748 1202 778 1262 ln
791 1200 897 1261 eolore
912 1200 1057 1278 oaprinos.

105 1292 156 1350 rm
210 1284 297 1365 (54.)
317 1283 476 1345 Praeterea
492 1285 540 1346 alii
553 1295 725 1346 oontuentur
735 1285 911 1364 longinqua,
927 1285 977 1346 alii
992 1283 1047 1342 nisi
1062 1300 1158 1364 prope

147 1369 262 1430 admota
284 1385 343 1430 uon
363 1377 495 1430 oerunnt.
535 1370 687 1433 multorum
711 1371 790 1430 visus
812 1369 929 1447 turgore
953 1369 1025 1430 solis
1042 1377 1159 1428 eonstat

144 1453 246 1516 nubilo
267 1453 314 1514 die
337 1471 395 1514 non
418 1455 614 1531 cernentium,
637 1471 692 1516 neo
714 1463 782 1532 post
796 1469 929 1516 oeorsua.
962 1452 1011 1514 alii
1032 1453 1158 1513 interdiu

145 1537 334 1612 hebetiores,
352 1546 440 1597 nootu
457 1537 577 1616 praeter
597 1548 715 1600 eeteros
737 1544 869 1600 oernunt.
905 1538 943 1598 de
963 1537 1092 1614 geminis
1107 1555 1187 1616 pura

104 1645 122 1686 s,
130 1641 152 1678 sa
161 1621 257 1698 pillis,
279 1629 329 1680 aut
350 1619 454 1698 quibus
476 1623 555 1682 nonii
576 1624 657 1684 visus
680 1631 796 1697 essent,
813 1623 884 1683 satis
900 1622 1032 1684 diximus.
1066 1623 1160 1682 onesii

105 1712 155 1766 143
165 1705 193 1762 in
206 1702 337 1763 tenebris
352 1703 503 1764 clariores.
520 1703 628 1766 Ferunt
641 1705 759 1768 Tiberio
768 1705 899 1782 (laetari,
911 1723 969 1768 neo
982 1705 1030 1768 alii
1042 1707 1157 1783 genito·

74 1861 76 1876 Ι
145 1803 207 1847 rum
220 1785 401 1862 mortalium,
414 1786 506 1848 inisse
519 1798 648 1850 naturam
660 1800 690 1851 ut
700 1791 930 1870 expergelaotns
942 1800 1031 1851 nootu
1040 1791 1157 1869 'paulis

145 1887 203 1949 per,
215 1870 284 1931 haut
300 1869 358 1930 ulio
374 1869 460 1932 modo
477 1888 561 1949 qnam
577 1873 643 1934 luoe
660 1874 739 1948 elara
754 1883 942 1938 oontueretur
958 1876 1068 1950 omnia,
1086 1893 1155 1953 pau·

145 1955 224 2014 latim
233 1953 366 2016 tenebris
375 1973 443 2016 sese
456 1955 677 2018 obdnoentibus.
695 1959 764 2019 divo
774 1960 909 2037 Augusto
917 1977 1060 2038 equorum
1068 1959 1186 2020 modona

145 2039 242 2116 glanoi
268 2039 368 2114 luere,
401 2055 549 2121 superque
581 2043 724 2104 homiuem
757 2043 910 2106 albieautis
939 2043 1155 2121 magnitudinis.

145 2140 229 2202 quam
251 2124 289 2185 ob
312 2141 428 2186 eausam
450 2125 616 2204 diligentius
639 2130 768 2206 spectari
789 2143 843 2189 eos
866 2127 1002 2190 irseunde
1027 2127 1154 2188 ferebat.

102 2207 282 2271 lllclaudlo
296 2208 417 2272 Caesari
431 2210 468 2271 ab
482 2212 593 2290 augulis
611 2213 738 2274 sandoro
750 2227 875 2274 carnoso
891 2212 1059 2289 sanguineis
1071 2213 1155 2272 renis

143 2295 265 2356 subinde
282 2294 405 2371 sublusi,
424 2294 495 2356 Gaio
509 2298 633 2375 principi
650 2299 789 2375 rigentes.
819 2295 941 2372 Neroni,
956 2296 1011 2356 nisi
1022 2312 1089 2356 oum
1105 2314 1153 2356 oo

142 2379 267 2454 uiseret,
284 2379 321 2440 ad
337 2395 439 2459 prope
447 2381 562 2442 admota
578 2381 712 2444 hebetes.
742 2380 851 2480 Vigiupl
865 2381 1060 2458 gladiatorum
1073 2382 1184 2460 parianu

143 2464 172 2519 iu
184 2461 237 2522 (isi
249 2464 388 2542 prineipis
406 2462 475 2522 ludo
488 2464 589 2540 fuere,
605 2467 634 2524 ia
648 2467 683 2524 iis
699 2465 755 2526 duo
770 2481 887 2526 omnrrm
899 2467 947 2544 qai
962 2473 1067 2525 eontra
1083 2482 1152 2524 eon·

143 2547 328 2604 minationem
350 2546 475 2625 aliquam
489 2563 547 2608 non
570 2551 755 2624 ooniverent,
772 2559 802 2608 et
818 2548 856 2610 ob
872 2550 1021 2612 idlnuioti.
1055 2557 1153 2610 taume

142 2627 201 2686 boo
212 2627 389 2689 diflloultatis
401 2639 447 2690 est
460 2630 576 2692 bomini.
607 2633 758 2713 plerisque
773 2650 846 2694 vero
859 2633 991 2696 naturale
1006 2643 1036 2694 ut
1049 2635 1151 2694 nictari

104 2721 154 2775 145
163 2713 221 2770 nan
244 2722 378 2788 oassent,
397 2731 470 2791 quos
486 2717 654 2795 pavidiores
668 2717 845 2796 aooepimus.
887 2717 995 2778 Ooalus
1017 2719 1151 2780 unioolor

142 2795 221 2858 nulli.
254 2813 318 2856 eum
334 2798 461 2859 pandone
479 2801 611 2862 omuibus
633 2803 744 2864 mediam
765 2799 849 2862 oolor
868 2801 1016 2864 differens
1054 2821 1184 2881 nequeas

141 2879 201 2942 ulla
225 2891 364 2962 exparte
391 2884 500 2945 maiora
523 2886 608 2946 enini
629 2887 734 2948 indicia
757 2887 867 2948 eunetis
887 2886 1077 2964 animalibus,
1100 2887 1151 2948 sed

142 2967 248 3027 bomini
260 2983 411 3041 maxume,
433 2968 461 3029 id
478 2978 523 3029 est
537 2970 762 3046 moderationis,
778 2969 967 3046 alemannus,
982 2971 1149 3032 misericor·

141 3051 224 3128 diae,
240 3051 304 3128 odi,
322 3051 444 3126 amoris,
461 3055 612 3130 tristitiae,
629 3055 767 3116 laetitiae.
800 3055 929 3118 contuita
945 3072 1064 3135 quoqne
1079 3055 1149 3118 mul·

141 3133 291 3213 tllormes,
307 3145 424 3212 trudes,
441 3140 533 3213 torri,
549 3139 722 3217 flagrantes,
739 3151 863 3217 moves,
885 3140 1062 3218 transversi,
1079 3141 1149 3220 limi,

142 3219 293 3297 submissi,
313 3218 420 3281 blandi.
451 3222 588 3300 prolecto
602 3225 632 3284 in
652 3222 746 3286 oeulis
762 3223 872 3286 animus
886 3223 1004 3286 babitat.
1035 3225 1183 3301 ardentes

98 3311 149 3365 146
157 3301 353 3381 intenduntur,
360 3313 517 3381 umectant,
526 3309 671 3370 conivent.
688 3303 1049 3372 llinoillamiaerieordiae
1062 3309 1149 3372 lauri·

140 3400 196 3446 ma.
226 3389 280 3450 lros
293 3407 358 3450 euru
367 3407 406 3450 ex
420 3390 594 3467 osculemur,
608 3393 731 3454 animum
742 3391 836 3469 ipsum
848 3392 980 3456 videmur
991 3394 1148 3472 attingere.

139 3467 207 3530 bino
227 3472 313 3532 detus
328 3484 359 3534 et
374 3475 503 3554 rigantes
519 3493 570 3536 ora
585 3479 647 3538 rivi.
679 3475 751 3552 Quis
772 3475 823 3538 ille
840 3486 886 3538 est
903 3495 985 3540 uraor
999 3479 1149 3542 indolere
