2482 3910
183 173 241 233 156
517 183 546 231 c.
563 183 658 230 eumn
675 179 824 228 saccum

178 338 255 414 byei,
272 339 296 396 si
311 337 425 413 bibere,
436 339 601 398 moriuntur.
630 354 749 415 orygem
761 345 903 414 perpetuo
919 334 1041 395 sitientia
1053 334 1172 394 Africae

179 431 318 498 generant
335 441 371 481 ex
391 431 490 482 natura
507 420 564 482 lcci
580 432 648 500 potu
663 429 822 494 carentem,
846 429 875 478 et
893 418 1015 479 mirabili
1031 417 1119 476 modo
1138 419 1173 478 ad

179 506 305 566 remedia
322 506 483 565 sitientium.
516 524 638 584 namque
656 504 768 566 Gaetuli
785 504 911 563 latrones
927 521 964 562 eo
979 503 1082 562 durant
1093 504 1171 562 auxi·

179 590 218 649 lio
239 591 363 667 repertis
383 593 411 649 in
436 607 561 667 corpore
587 607 686 649 eorum
710 586 888 648 saluberrimi
903 586 1031 664 liquoris
1052 587 1171 644 uesicis.

136 672 321 737 toalnsidunt
336 675 364 731 ln
387 673 488 732 eadem
508 672 607 732 Africa
625 672 705 750 pardi
725 671 869 731 condensa
885 670 1001 744 arbore,
1023 668 1195 728 occultati-t

178 773 234 834 qne
251 774 347 816 earum
362 759 446 816 ramis
461 759 490 814 in
506 757 716 833 praetereuntia
733 753 868 814 desiliunt
886 763 971 832 atque
989 771 1006 812 e
1021 753 1172 812 uolucrum

178 839 250 900 sede
272 849 448 915 grassantur.
481 838 556 898 leles
584 839 698 917 quidem
725 855 782 916 quo
805 839 934 911 silentio,
952 854 1035 915 quam
1060 836 1172 894 levibns

178 924 309 998 vestigiis
321 921 464 1000 obrepunt
476 923 588 982 auibus!
608 942 690 1001 quam
706 922 821 981 occulte
834 921 1002 999 speculatae
1016 921 1043 978 in
1059 938 1170 979 muscu-

178 1007 223 1064 los
240 1004 387 1064 exsiliunt!
418 1017 601 1066 excrementa
622 1024 672 1066 sua
694 1005 802 1064 effossa
824 1005 946 1064 obruunt
962 1013 1039 1063 terra
1057 1003 1170 1062 intelle·

177 1096 281 1165 gentes
297 1089 418 1147 odorem
433 1089 511 1148 illum
528 1089 650 1149 indicem
667 1091 710 1149 sul
727 1107 803 1148 esse.
1066 1129 1079 1142 -
1178 1097 1199 1137 ¹⁰

134 1181 187 1234 203
256 1173 305 1231 74.
324 1171 406 1250 (95.)
423 1171 503 1250 Ergo
519 1184 548 1233 et
569 1175 641 1233 alios
661 1172 798 1252 quosdam
817 1189 918 1230 sensus
943 1165 1110 1248 essequam
1128 1189 1169 1229 su-

177 1255 341 1333 predictos
365 1256 431 1316 haut
455 1258 609 1318 dilliculter
632 1256 760 1334 adparet.
790 1264 855 1314 sunt
876 1257 948 1314 enirn
973 1253 1169 1332 quaedambis

177 1340 255 1400 bella
271 1341 480 1418 amicitiaeque,
492 1341 568 1400 unde
582 1351 610 1401 et
620 1341 761 1413 adlectus,
778 1348 894 1417 praeter
909 1338 959 1398 illa
974 1356 1048 1416 quae
1063 1339 1100 1397 de
1113 1339 1170 1416 qui·

177 1424 288 1502 busque
306 1442 405 1483 eorum
421 1427 480 1483 suis
491 1426 611 1485 diximus
629 1425 712 1483 locis.
734 1422 872 1482 dissident
887 1422 1029 1481 olores-et
1045 1421 1169 1500 aquilae,

177 1525 284 1566 corvos
310 1519 338 1566 et
363 1508 499 1571 chloreus
519 1520 605 1570 noctu
628 1509 748 1566 invicem
769 1524 823 1565 oua
853 1507 1048 1584 exquirentes.
1086 1505 1197 1564 slmilltt

176 1591 261 1650 modo
281 1607 387 1648 corvos
403 1600 432 1649 et
446 1592 565 1665 milvos
583 1592 633 1650 illo
656 1588 850 1669 praeripiente
874 1590 940 1649 huic
956 1589 1046 1648 cibos
1079 1590 1168 1648 corni·
1229 1611 1230 1614 ¹

179 1690 229 1730 ces
245 1683 331 1750 atque
348 1682 463 1748 noctua,
481 1675 593 1752 aquilae
610 1685 638 1734 et
656 1674 806 1750 trochilus,
825 1675 849 1732 si
868 1672 1020 1770 credimus,
1038 1674 1168 1749 quoniam

135 1763 247 1818 holten
262 1756 425 1833 appellatur
436 1759 539 1832 avium,
557 1767 679 1818 noctuae
696 1768 725 1817 et
739 1767 855 1817 ceterae
868 1758 993 1816 minores
1006 1773 1086 1815 aves.
1113 1773 1168 1816 rur·

178 1855 226 1896 sus
245 1855 308 1896 cum
323 1839 508 1898 terrestribus
524 1841 669 1901 mustela
657 1851 685 1900 et
701 1843 811 1940 cornix,
829 1850 921 1899 turtur
936 1850 965 1899 et
977 1839 1097 1918 pyralis,
1115 1838 1168 1898 ieb-

178 1938 335 1980 neumones
346 1940 455 2000 vespae
468 1932 495 1982 et
508 1923 659 2000 phalangia
673 1927 779 1984 aranei.
795 1927 953 2023 aquaticae
966 1932 1064 1982 anates
1080 1932 1110 1982 et
1122 1939 1167 1998 ga·
1158 1935 1197 1976 -ao

69 2066 72 2070 ,
178 2005 253 2080 ulae,
264 2005 364 2085 harpe.
383 2015 411 2066 et
429 2007 561 2066 triorchis
578 2009 725 2086 accipiter.
743 2010 854 2067 sorices
870 2017 898 2066 et
911 2005 1058 2067 ardiolae
1050 2007 1170 2064 mvicem

177 2087 283 2148 letibus
297 2090 472 2150 insidiantes.
503 2092 635 2167 aegithus
651 2092 711 2151 avis
728 2093 839 2150 minima
855 2110 917 2150 cum
933 2089 1022 2149 asino.
1053 2091 1170 2168 spinetis

178 2175 252 2231 enim
273 2191 306 2233 se
326 2175 463 2234 scabendi
490 2192 575 2234 causa
593 2184 719 2235 atterens
740 2175 822 2234 nidos
845 2175 908 2232 eius
930 2174 1067 2250 dissipat,
1098 2172 1230 2252 quod

177 2258 251 2317 adeo
267 2267 353 2336 pavet
372 2269 402 2318 ut
412 2276 487 2318 voce
511 2261 623 2317 omnino
645 2259 771 2318 rudentis
793 2257 885 2318 audita
912 2274 966 2316 ova
982 2257 1079 2331 eiciat,
1103 2255 1171 2335 pulli

177 2342 232 2418 ipsi
247 2352 323 2400 metu
344 2343 454 2402 cadant.
484 2344 569 2418 igitur
585 2343 722 2402 advolans
739 2341 836 2400 ulcera
852 2341 914 2399 eius
929 2349 1024 2399 rostro
1039 2348 1199 2400 excavata

134 2425 299 2501 aosvntpes
317 2435 346 2483 et
363 2428 426 2483 nisi
457 2443 581 2500 angues
599 2426 739 2485 mustelae
757 2435 786 2484 et
802 2443 879 2483 sues
908 2423 1037 2483 Aesalon
1051 2433 1172 2484 vocatur

178 2523 265 2581 parva
283 2508 343 2564 avis
360 2525 413 2566 ova
430 2510 509 2566 corvi
525 2509 671 2606 frangens,
685 2511 764 2567 culus
782 2509 851 2587 pulli
869 2508 1039 2567 infestantur
1052 2525 1067 2566 a
1079 2507 1172 2585 volpi-

177 2587 240 2644 bus.
271 2591 392 2648 invitem
413 2590 486 2649 haec
508 2592 619 2651 catulos
641 2594 702 2650 eius
729 2593 878 2670 ipsamque
901 2591 991 2650 vellit
1025 2592 1113 2669 quod
1127 2589 1173 2649 ubi

177 2669 315 2729 viderunt
326 2674 416 2748 corvi,
439 2683 537 2733 contra
560 2677 729 2734 auxiliantur
743 2675 821 2734 velut
838 2675 977 2734 aduersus
994 2691 1172 2734 communem

176 2752 298 2811 hostem.
329 2754 366 2814 Et
389 2757 542 2817 acanthis
533 2776 561 2816 rn
582 2760 670 2836 spinis
690 2759 769 2818 vivit.
801 2759 910 2817 idcirco
936 2759 1033 2816 asinos
1060 2768 1091 2816 et
1113 2761 1200 2836 ipsatt

177 2836 236 2895 odit
260 2837 348 2896 llores
372 2842 470 2917 spinae
492 2839 666 2900 devorantis.
699 2841 842 2919 aegithum
864 2859 935 2901 vero
952 2841 1078 2901 anthus'
1068 2860 1099 2900 rn
1115 2851 1171 2900 ian-

176 2929 234 2978 tum
250 2929 279 2979 ut
301 2925 466 2997 sanguinem
490 2942 589 2983 eornm
606 2925 723 2985 credant
745 2943 802 2985 non
823 2927 903 2985 coire
919 2927 1073 3002 multisque
1092 2927 1132 2984 ob
1147 2924 1172 2983 id

132 3004 340 3067 aooveneficiis
362 3005 505 3066 infament.
535 3009 681 3068 Dissident
702 3009 786 3069 thoes
809 3027 843 3068 ac
861 3009 979 3085 leones,
1001 3015 1030 3068 et
1051 3011 1172 3068 minuma

176 3106 269 3166 aeque
290 3094 324 3148 ac
339 3106 479 3148 maxuma
518 3091 700 3152 formicosam
717 3093 851 3192 arbqrem
873 3111 981 3152 urucae
1003 3103 1119 3153 cavent.
1142 3093 1172 3152 li·

176 3171 242 3232 brat
257 3191 378 3233 araneus
395 3192 427 3232 se
446 3173 516 3232 iilo
507 3193 535 3232 rn
553 3185 637 3253 caput
661 3158 805 3254 serpentis
823 3187 977 3255 porrectae
998 3176 1050 3236 sub
1072 3177 1201 3236 umbras

113 3305 116 3308 .
176 3255 288 3315 arboris
311 3275 380 3317 suae
401 3265 536 3336 tantaque
558 3261 586 3316 vi
610 3277 706 3318 morsu
734 3259 886 3319 cerebrum
914 3261 1123 3340 adprehendit
1144 3268 1173 3318 ut

89 3413 92 3419 Ι
176 3339 298 3399 stridens
315 3342 435 3401 subinde
448 3360 482 3401 ac
493 3343 634 3418 vertigine
647 3353 740 3402 rotata
757 3361 792 3402 ne
805 3343 882 3403 iilum
892 3346 1008 3423 quidem
1021 3343 1173 3422 pendentis
1229 3339 1230 3402 i

87 3425 97 3493 i
175 3435 323 3500 rumpere
341 3426 415 3484 adeo
431 3443 487 3486 nou
504 3426 606 3502 lugere
629 3435 724 3504 queat.
748 3445 803 3486 nec
819 3429 881 3486 finus
898 3439 962 3488 ante
979 3437 1099 3493 mortem
1117 3435 1170 3486 est
1229 3435 1230 3438 ’
