2462 3900
287 192 366 239 ιιι.
383 189 473 240 mrsu.
489 188 679 244 x111.t-11.
700 183 852 261 (ιι-ιι.)
1006 181 1084 266 241,

71 345 225 409 utilissima
239 345 352 411 nauium
375 347 473 406 cosds
502 347 640 410 candidae
661 347 747 408 iucile
764 355 939 426 putrescunt.
972 351 1066 412 aculei

71 429 219 506 spinarum
236 438 267 488 et
280 429 310 488 in
323 427 417 505 loliis,
440 445 539 490 semen
556 430 584 488 in
599 430 724 509 siliquis,
749 449 808 510 quo
822 433 900 495 coria
914 434 1066 510 perficiunt

69 511 172 589 gallae
186 513 261 572 vioe.
291 511 347 572 dos
362 521 394 572 et
410 516 524 574 coronis
535 527 537 538 ¹
548 514 686 574 iucundus
702 524 731 576 et
746 515 962 576 medicamentis
978 520 1064 578 utilis.

18 643 25 652 .
69 604 167 655 rnauut
182 605 213 655 et
229 597 344 656 cummis
366 613 404 656 ex
425 615 469 656 ea.
502 597 554 657 sed
570 599 725 678 praecipua
739 599 862 675 utilitas,
886 599 963 678 quod
979 619 1065 664 caesa

41 695 148 741 cauno
170 680 255 740 tertio
271 681 409 756 resurgite
441 681 519 741 circa
533 680 650 742 Thebas
663 683 755 759 haec,
778 683 826 742 ubi
845 691 875 742 et
895 701 1022 761 quercus
1036 693 1066 745 et

68 780 181 841 persea
197 772 226 822 et
241 763 334 838 oliva,
356 775 419 824 ccc
439 763 536 824 allilo
552 764 666 841 stadiis,
690 767 817 826 silvestri
837 775 930 828 noctu
953 775 982 827 et
1005 768 1064 828 suis

69 846 200 908 fontibus
220 847 313 923 riguo.
350 848 396 907 10.
426 846 468 906 lbi
490 857 519 907 et
541 865 646 926 prunus
661 849 823 929 Aegyptia,
846 868 902 910 non
916 851 1060 912 dissimilis
1071 859 1106 916 61

69 932 174 1008 spinae
193 947 336 1008 proxume
356 930 468 1006 dictas,
491 949 577 1008 pomo
599 933 728 1010 mespili,
750 943 947 994 maturescens
966 935 1065 995 bruma

68 1032 128 1074 uec
150 1013 220 1072 lolia
245 1013 398 1074 dimittens.
430 1015 564 1113 lignum
555 1033 583 1077 nn
607 1033 695 1094 pomo
721 1017 848 1095 mande,
876 1019 929 1078 sed
958 1036 1064 1097 corpus

6 1099 10 1108 ’
27 1101 166 1176 scipsum
179 1106 278 1158 natura
294 1107 323 1157 et
339 1099 429 1196 copia·
439 1099 574 1158 messium
586 1100 674 1161 instar
689 1101 801 1160 incolis.
825 1111 975 1178 purgatum
991 1103 1064 1162 enim

69 1180 191 1242 tundunt
212 1190 386 1280 servantque
402 1183 464 1240 eius
482 1165 563 1242 ollas.
596 1183 742 1244 silvestris
760 1171 813 1243 luit
832 1193 862 1243 et
882 1187 958 1246 circa
974 1185 1060 1244 blem-
1050 1197 1106 1250 ·65

13 1310 20 1324 .
69 1265 159 1344 pluita
164 1266 247 1363 regio
264 1258 321 1326 tmu
342 1267 432 1324 vastis
448 1265 598 1325 arboribus
614 1275 644 1325 ut
658 1267 731 1326 terni
745 1282 803 1326 nou
819 1267 931 1345 quirent
946 1270 1064 1328 cineum

70 1349 181 1428 pleuti,
197 1349 279 1420 unius
291 1349 432 1428 peculiari
445 1347 599 1425 miraculo,
616 1367 672 1410 nec
686 1367 799 1430 pomum
813 1359 934 1429 propter
945 1369 1064 1412 usumve

69 1431 213 1509 aliquem,
235 1432 288 1493 sed
309 1441 456 1493 eventum.
484 1433 576 1492 iacies
597 1442 643 1494 est
663 1436 780 1513 spinae,
807 1433 876 1494 iolla
897 1434 984 1494 habet
1007 1453 1061 1494 ceu
1120 1459 1123 1464 ·

1 1587 2 1600 χ
29 1517 173 1594 sit-pinnas
189 1534 264 1594 quae
274 1517 357 1576 tactis
375 1514 536 1576 abdomine
552 1517 637 1577 ramis
653 1516 755 1578 cadunt
768 1519 900 1596 protinus
910 1535 944 1578 ac
960 1527 1063 1596 postea

68 1609 270 1662 renascuntur.

11 1723 19 1742 2
135 1676 281 1762 11.(ιιι)
300 1681 435 1743 Οιιιιιιιιι
448 1693 590 1771 optumam
604 1703 673 1746 essa
687 1703 724 1745 ex
735 1685 880 1764 Aegyptia
896 1685 977 1763 spina
994 1701 1061 1744 eon·
1071 1695 1105 1750 66

66 1768 166 1841 venit,
194 1767 425 1842 vermiculatam,
453 1749 554 1828 colore
573 1768 693 1868 glauco,
717 1787 833 1848 puram,
858 1770 920 1828 sine
942 1771 1062 1845 cortice,
1152 1777 1154 1780 ’

1 1845 2 1862 ’
68 1810 202 1911 dentibus
222 1849 435 1914 adhaerentem
456 1851 579 1930 pretium
595 1854 655 1912 eius
674 1853 707 1912 in
720 1853 808 1914 libras
822 1851 849 1913 X
863 1866 913 1912 111.
936 1853 1063 1913 deterior

28 1950 57 1990 so
69 1953 110 1994 ex
125 1933 283 2012 amygdalis
296 1935 397 1994 amaris
414 1942 448 1994 et
463 1952 583 2011 ceraso,
606 1955 739 2014 pessuma
758 1955 775 1996 e
797 1937 905 2016 prunis.
935 1936 966 1997 lit
983 1945 1011 1996 et
1032 1955 1061 1996 nn
1071 1944 1104 2000 61
1194 2011 1197 2014 ¹

66 2017 191 2094 vitibus,
215 2018 361 2078 infantium
376 2018 523 2079 ulceribus
543 2021 706 2098 aptissima,
733 2029 761 2079 et
781 2018 934 2096 aliquando
954 2021 982 2078 in
998 2020 1063 2079 olea

66 2103 194 2164 dentium
210 2101 321 2177 dolori,
338 2101 415 2162 ulmo
431 2103 515 2162 etiam
531 2103 558 2160 in
571 2100 686 2176 Coryco
699 2111 796 2161 monte
808 2100 928 2161 Ciliciae
944 2119 978 2160 ac
993 2105 1062 2161 iuni-

66 2187 134 2264 piro
153 2185 189 2244 ad
203 2185 271 2245 nihil
286 2185 387 2260 utiles,
409 2203 447 2243 ex
468 2185 535 2244 ulmi
554 2202 625 2243 uero
648 2186 748 2244 cummi
765 2193 794 2244 et
815 2185 924 2243 culices
949 2184 988 2242 ibi
1013 2203 1061 2244 na·

67 2277 197 2337 suuntur.
226 2269 257 2328 lit
272 2277 331 2329 ete
348 2267 567 2328 sarcocolla-
584 2268 623 2328 ita
638 2277 759 2327 uocatur
779 2265 866 2326 arbor
885 2299 928 2310 -
942 2270 1062 2326 cummis

30 2353 219 2414 mobilissima
237 2351 395 2430 pictoribus
412 2369 447 2410 ac
460 2351 600 2426 medicis,¹
618 2351 718 2412 similis
733 2351 834 2431 pollini
850 2351 934 2426 turis,
951 2359 981 2408 et
994 2351 1062 2410 ideo

68 2435 192 2498 candida
205 2454 290 2515 quarn
305 2436 369 2495 ruia
385 2435 497 2495 melior.
527 2436 650 2514 pretium
667 2436 729 2495 eius
746 2435 823 2514 quod
842 2451 939 2512 supra.

133 2518 217 2598 (21.)
230 2518 362 2578 Nondum
382 2519 520 2597 palustria
543 2519 703 2596 attingimus
720 2537 775 2578 nec
795 2519 913 2578 frutices
929 2516 1057 2578 amnium.
1071 2526 1105 2580 66

48 2643 51 2653 ·
68 2604 150 2682 prius
165 2610 259 2662 tamen
274 2620 357 2681 quarn
381 2601 572 2680 digrediamur
595 2602 630 2663 ab
645 2603 783 2681 llegypto
804 2611 832 2663 et
846 2603 949 2681 papyri
963 2610 1062 2660 natura

69 2687 200 2762 dicetur,
228 2705 291 2746 oum
314 2688 430 2746 chartae
451 2705 504 2746 usn
520 2704 649 2746 maxume
666 2687 823 2747 humanitas
838 2687 914 2746 vitae
938 2693 1062 2762 constet,

32 2779 152 2836 acuente
167 2771 314 2829 memoria.
335 2779 375 2844 vet
392 2769 468 2830 hano
489 2769 647 2832 Alexandri
661 2769 757 2847 Magni
772 2770 893 2829 uictoria
914 2777 1059 2847 repertam
1071 2776 1105 2830 69

70 2863 172 2916 auctor
188 2862 233 2913 est
248 2853 287 2914 bl.
302 2853 413 2928 Varro,
436 2853 549 2912 condita
570 2855 598 2912 in
613 2854 750 2932 Aegypto
764 2850 949 2912 Alexandria.
979 2859 1062 2910 antea

69 2937 234 3003 uoanisse
252 2937 411 2997 chartarum
424 2954 520 2996 nsurn.
542 2936 828 3015 inpalmarum10liis
843 2936 934 3014 primo
950 2935 1062 3011 scripti·

69 3031 174 3095 tatum,
190 3021 256 3081 dein
268 3021 443 3098 qnarmdam
455 3019 588 3081 arborum
601 3020 692 3080 libris.
723 3031 826 3100 postea
845 3017 959 3099 publica
974 3018 1062 3076 moni·
1113 3063 1125 3078 -.

69 3113 166 3166 menta
187 3103 328 3183 plumbeis
345 3103 552 3178 voluminibus,
577 3120 645 3163 mox
667 3112 696 3163 et
716 3106 825 3183 privata
847 3103 942 3164 liuteis
960 3101 1063 3160 conlici

33 3196 178 3267 accoepta
200 3197 247 3248 aut
270 3189 355 3248 ceris.
388 3188 569 3267 pugillarium
590 3189 664 3247 enirn
686 3206 766 3248 usum
783 3189 872 3248 inisse
893 3185 976 3244 etium
998 3193 1062 3243 unte

70 3271 195 3332 Troiana
216 3281 346 3351 tempora
366 3272 623 3349 invenimusapnd
643 3270 812 3346 Homerum,
838 3269 889 3328 illo
909 3285 981 3327 vero
996 3285 1063 3346 pro-

69 3356 160 3418 dente
179 3366 335 3416 ueternum
350 3357 464 3435 quidem
476 3357 565 3433 ipsam
582 3371 656 3434 quae
674 3375 747 3416 nunc
764 3355 916 3451 Aegyptus
932 3351 1062 3430 appelle·

69 3449 116 3500 tur
127 3439 321 3517 intellegitur,
339 3457 402 3498 curn
414 3441 442 3498 in
457 3437 652 3512 Sebennytico
667 3450 696 3499 et
707 3441 785 3500 Saite
797 3439 858 3496 eius
874 3451 958 3495 nomo
972 3438 1064 3496 omnis

70 3522 171 3584 charta
185 3533 335 3599 nascatur,
351 3531 455 3601 postea
468 3523 671 3599 adaggeratam
682 3523 764 3598 Nilo,
780 3520 921 3599 siquidem
935 3537 952 3580 a
966 3519 1105 3616 Plancio

120 3604 901 3668 rnru.nnr.1rrsr.ll.16
