2482 3910
182 197 246 261 1011
475 221 482 238 ·
522 211 552 259 o.
568 209 665 258 rum
680 209 830 259 sucossi

182 375 238 441 est,
255 373 286 424 ut
297 382 393 445 aeque
407 366 441 427 id
451 367 545 444 ipsum
558 365 732 444 quoviritur
744 366 774 424 in
784 365 843 424 aita
859 367 981 424 iuraret.
1016 361 1192 426 imnum

181 448 297 529 populis
309 449 367 512 huc
384 449 544 530 praecipue
560 457 591 508 et
604 466 620 509 a
632 450 748 509 iuventa
762 458 887 528 propter
899 449 1077 510 indiscretus
1094 449 1193 526 aibas,

182 551 304 612 numque
320 545 351 595 et
366 537 433 594 aino
449 535 561 594 iactent
576 549 627 592 ora
642 534 737 592 nimio.
769 533 822 592 sed
837 532 892 592 sibi
908 550 1055 612 proceres
1069 535 1190 594 medes

180 627 226 677 tur
243 635 334 695 grano
348 619 461 694 Assyrii
476 617 553 692 mali,
572 618 656 676 euius
668 625 716 677 est
728 619 856 676 suavitas
870 620 1041 696 praecipua,
1058 619 1088 678 in
1105 637 1188 678 esca·

54 715 64 738 '
138 708 190 766 179
200 701 276 761 lente
298 703 406 763 addito.
445 699 672 780 Elephantorum
692 703 785 760 anima
801 703 946 780 serpmtis
961 702 1106 778 ornabit,
1125 715 1209 762 cer-t

138 785 300 870 ⁷piverum
322 787 386 846 urit.
418 785 547 846 Diximus
567 785 710 849 hominum
732 803 845 862 genera
866 787 918 865 qui
935 803 1048 846 aeneum
1065 803 1191 865 serpen·

181 871 249 928 tium
265 880 347 930 suctu
366 869 539 949 corporibus
555 869 723 930 eximerent.
753 871 820 947 quin
838 877 868 929 et
883 869 972 930 subus
987 873 1189 947 serpenteeia

151 971 158 1006 ι
180 953 288 1032 pabulo
301 963 376 1030 sunt,
388 963 418 1014 et
430 953 493 1013 aliis
505 970 648 1012 venenum
661 963 714 1013 est.
742 952 825 1026 Quae
837 955 948 1014 insecta
961 954 1186 1033 appellavimus,

181 1038 273 1096 omnia
287 1037 345 1097 olei
364 1037 506 1116 adspersu
519 1045 666 1098 necantur.
694 1037 825 1097 vultures
843 1046 1002 1114 unguento,
1021 1039 1071 1116 qui
1084 1039 1186 1116 iugan-

181 1129 238 1178 tem
255 1119 327 1180 alius
344 1121 481 1201 adpetunt
493 1119 623 1196 odorem,
643 1121 793 1182 scarabaei
808 1139 886 1182 rosa.
911 1121 1049 1202 quasdam
1062 1127 1213 1202 serpen-u

180 1205 216 1263 tis
233 1206 351 1285 scorpio
374 1205 491 1266 occidit.
521 1205 649 1280 Scythae
673 1207 793 1282 sagittas
815 1205 927 1283 tingunt
948 1206 1081 1284 viperina
1104 1209 1185 1267 sanie

59 1294 61 1302 ’
180 1297 209 1346 et
222 1288 345 1351 humane
364 1291 504 1370 sauguine
526 1288 742 1350 inremediabile
766 1289 794 1349 ld
818 1291 926 1350 scelus.
965 1298 1087 1350 muntem
1105 1291 1186 1350 illico

181 1373 275 1434 adiert
289 1375 346 1434 levi
361 1385 449 1435 tectu.

137 1461 190 1519 180
246 1459 352 1539 (116.)
365 1458 447 1532 Quae
459 1455 619 1517 animalium
630 1457 1080 1535 pascerenturvenenodiximns.
1096 1477 1185 1538 quae

139 1563 196 1606 ino
206 1542 268 1601 dam
277 1545 398 1602 innocua
411 1541 521 1621 alioqui
527 1542 677 1602 venenatis
690 1550 772 1618 pastu
784 1541 871 1602 noxia
880 1541 949 1603 lium
961 1550 993 1601 et
1002 1543 1076 1620 ipsa.
1095 1557 1212 1622 aproec

180 1626 208 1682 in
224 1625 392 1704 Pamphylia
417 1634 447 1685 et
469 1624 588 1686 Ciliciae
603 1627 762 1684 montuosis
778 1625 961 1702 salamandra
974 1625 1011 1685 ab
1027 1625 1080 1685 his*
1093 1626 1184 1688 deau-

179 1715 241 1768 rata
259 1711 307 1784 qui
324 1709 414 1769 edere
430 1710 595 1769 moriuntur.
629 1725 725 1787 nepus
736 1710 810 1770 emim
822 1717 868 1768 cst
879 1709 1042 1769 intellectus
1061 1709 1141 1770 ulln'e
1157 1714 1185 1770 in

180 1790 271 1850 odore
285 1800 441 1869 staupum,
455 1799 484 1850 et
495 1795 729 1872 aquavinumque
739 1793 884 1852 imeremit
896 1793 1133 1856 salamandrailti
1144 1796 1183 1854 in·

179 1883 300 1951 mortua,
313 1874 362 1934 vel
374 1876 398 1934 si
409 1875 523 1934 omnino
535 1873 641 1936 biberit
650 1877 727 1937 uude
734 1885 861 1955 potetur,
875 1877 942 1938 item
954 1895 1022 1938 rana
1036 1893 1125 1955 quam
1139 1897 1184 1938 ra·

137 1966 187 2022 281
197 1957 416 2018 betamvoeant.
435 1966 540 2020 tantum
548 1959 713 2021 insidiarum
722 1971 768 2020 est
779 1961 872 2020 vitae!
893 1979 1003 2039 vespae
1017 1971 1210 2040 serpentulus

181 2041 265 2102 avide
280 2051 448 2119 vescuntur,
464 2053 523 2122 quo
538 2044 675 2104 alimento
687 2045 853 2104 mortiferus
866 2045 943 2104 ictus
954 2045 1073 2104 iaciunt.
1095 2047 1184 2108 adee-

181 2144 237 2206 que
253 2145 355 2205 magna
371 2127 533 2188 differentia
548 2137 594 2188 est
609 2129 715 2203 victus,
730 2138 761 2188 ut
774 2130 802 2188 in
816 2138 914 2195 tractu-
929 2129 1012 2210 pisce
1028 2131 1185 2190 virentium

180 2209 398 2291 Theophrastus
416 2212 520 2292 prodet
535 2213 628 2272 boves
644 2229 760 2290 meque
775 2214 858 2290 pisce
872 2214 970 2288 maci,
987 2213 1039 2272 sed
1055 2231 1116 2272 nun
1131 2215 1182 2274 nisi

178 2298 304 2356 virente.

136 2389 186 2442 282
245 2374 353 2456 (117.)
364 2379 476 2440 Homini
493 2379 574 2442 citus
595 2379 761 2439 utilissimus
776 2381 910 2458 simplex,
927 2381 1078 2440 assumtio
1093 2389 1210 2460 sapa-tt

97 2491 108 2513 =
178 2479 239 2520 rum
261 2463 401 2539 pestifera
425 2471 454 2522 et
471 2463 653 2523 condimento
670 2464 873 2541 perniciosior.
910 2463 1068 2524 diiilealter
1088 2475 1182 2526 auten

178 2545 366 2621 perficiuntur
378 2545 472 2606 omnia
485 2548 514 2606 in
526 2547 597 2608 cibis
609 2547 698 2622 acria,
712 2563 829 2624 aspera,
845 2549 1024 2622 inconsueta,
1036 2551 1130 2626 varia,
1142 2553 1181 2610 ni·

155 2669 158 2675 -
178 2628 233 2685 mie
251 2636 281 2686 et
294 2629 380 2688 avide
393 2629 510 2706 hausta,
527 2641 557 2690 et
573 2639 685 2691 aestate
699 2647 783 2708 quum
802 2631 896 2690 hieme
911 2631 1077 2708 diliieilics,
1100 2642 1133 2692 et
1155 2636 1181 2692 in

178 2720 297 2770 senecta
313 2729 396 2790 quam
411 2715 439 2772 in
453 2715 578 2774 iuventa.
603 2715 777 2774 vomitiones
791 2715 897 2776 homiui
913 2716 948 2775 ad
960 2716 1034 2776 haee
1046 2719 1075 2774 in
1088 2734 1181 2778 remc-

133 2843 140 2850 .
178 2795 253 2855 dium
275 2798 459 2874 excogitatae
475 2799 623 2876 frigidiora
644 2814 768 2877 corpure
786 2799 910 2876 iaciant,
932 2800 1065 2859 inimicae
1087 2802 1209 2862 cauma·

177 2895 309 2939 maxume
324 2896 359 2940 ac
375 2881 518 2941 dentibus.
590 2942 592 2948 ,
1203 2933 1208 2944 ,

134 2969 186 3027 aab
244 2963 350 3044 (118.)
374 2965 481 3024 Somno
509 2983 699 3045 concoquere
724 2968 930 3046 corpulentiae
947 2985 1032 3046 quein
1056 2969 1179 3029 firmitati

176 3048 287 3110 utilius»
320 3049 388 3110 ideo
414 3049 536 3111 athletas
562 3050 757 3111 ambulatione
782 3052 889 3112 malunt
913 3052 999 3113 cibes
1023 3053 1177 3130 perficere.

175 3133 331 3211 pervigilio
354 3133 468 3213 quidem
485 3137 644 3213 praecipue
665 3136 815 3196 vincuntur
839 3135 905 3202 cibi.
942 3137 991 3196 54.
1008 3136 1180 3214 Augescant

35 3285 39 3292 ¹
72 3224 77 3244 “
177 3233 302 3296 corpore
317 3217 450 3278 dulcibus
465 3227 552 3296 atque
567 3217 720 3298 pinguibus
732 3229 761 3278 et
775 3229 857 3297 potu,
872 3221 1036 3281 minuuntur
1046 3221 1136 3282 siccis
1150 3225 1211 3280 etti

175 3300 262 3361 aridis
277 3301 449 3381 frigidisque
466 3318 501 3362 ac
517 3304 571 3362 siti.
600 3303 747 3376 Quaedam
765 3305 897 3364 animalia
913 3314 943 3364 et
957 3305 1177 3384 pecudes-quc·

177 3399 232 3459 que
248 3387 275 3442 in
291 3384 391 3447 Airiea
408 3395 513 3464 quartu
529 3386 576 3446 die
600 3387 709 3446 bibunt.
738 3387 844 3446 homini
859 3405 917 3450 non
930 3391 1029 3467 euque
1046 3398 1179 3468 septumo

175 3463 263 3523 letale
277 3477 321 3528 est
333 3470 455 3530 inediam
469 3471 600 3544 derrasse,
617 3481 650 3530 et.
661 3471 735 3530 ultra
747 3471 1098 3552 undecimumplercsque
1115 3489 1177 3532 ceu
