2462 3900
171 141 234 250 toti
523 197 830 248 ornmrsucunnr

172 357 345 416 duratricem
363 351 442 416 illam
464 355 624 416 drmitatem
643 354 795 412 austeritas
816 351 890 432 picis
910 351 1006 412 inlusa
1022 351 1183 430 pediculo.

130 451 165 504 18
175 442 230 500 iam
245 441 359 500 iuventa
369 441 436 499 uitis
451 457 505 518 per
521 457 555 498 se
568 440 597 497 in
608 437 675 496 vino
690 437 784 515 picem
799 437 959 516 resipiens,
975 434 1184 496 Viennensem

56 543 63 554 ·
173 541 272 602 agrum
287 523 459 599 nobilitans,
475 519 608 582 Arreroo
624 521 819 600 Sequanisque
837 529 866 580 et
877 519 1003 581 llelvico
1015 520 1185 598 generibus

128 655 135 666 ,
173 626 230 668 non
255 609 368 708 pridem
388 608 537 668 inlustrata
556 606 629 666 baec
651 613 737 682 atque
751 605 863 704 Vergili
883 605 957 665 vatis
979 614 1083 664 aetate
1104 607 1184 664 inco·

132 702 166 757 19
175 694 264 770 guita,
280 693 389 753 amnica
400 691 480 751 obitu
491 709 528 750 xc
540 697 662 767 aguntur
676 691 749 749 unni
771 683 847 762 Quid
859 689 957 788 quod
947 697 1060 748 rnserta
1076 690 1203 749 castriso

172 791 307 838 summam
331 793 426 836 rerum
447 775 653 853 imperiumque
674 777 802 832 eontinet
823 774 1021 833 centurionum
1042 773 1076 832 in
1100 791 1183 833 manu

81 870 87 883 ¹
173 861 257 933 vitia,
278 868 307 919 et
332 860 429 938 opimo
447 859 576 956 praemio
597 855 695 918 tardos
719 857 835 917 ordines
864 856 899 917 ad
924 857 1018 917 lentas
1042 859 1183 938 perducit

172 941 301 1022 aquilus,
320 951 407 1020 atque
426 944 512 1002 etiam
526 943 554 1000 in
570 941 683 1002 delictis
699 957 822 1020 poenam
839 941 931 1019 ipsam
945 939 1100 1001 honorat?
1131 959 1183 1001 nec

172 1044 230 1086 non
244 1027 348 1086 vineae
361 1027 609 1124 oppugnationum
623 1025 731 1086 dedere
747 1025 896 1085 rationem.
925 1041 990 1085 nam
1005 1025 1035 1083 in
1050 1004 1202 1086 mediea-

171 1109 295 1170 minibus
310 1110 384 1170 adeo
400 1115 532 1187 maguum
548 1109 679 1188 optinent
697 1109 793 1169 locum
816 1117 845 1167 ut
865 1126 919 1187 per
941 1125 1010 1168 sese
1026 1110 1103 1169 vino
1120 1111 1207 1189 ipseo

172 1193 300 1254 remedia
316 1195 380 1253 sint.

131 1289 167 1343 bt)
229 1277 259 1336 2.
274 1277 336 1357 (4.)
351 1277 570 1339 Generavitiurn
581 1277 700 1336 numero
714 1277 912 1356 conprehendi
925 1292 1015 1356 posse
1028 1295 1109 1337 unus
1123 1280 1179 1338 exi·

172 1361 300 1422 stimavit
316 1361 513 1437 Democritus,
530 1369 632 1422 cuncta
651 1361 705 1420 sihi
718 1359 858 1422 Graeciae
877 1361 993 1437 cognita
1010 1361 1179 1438 professus.

174 1447 267 1506 ceteri
283 1447 429 1506 innumera
445 1454 531 1524 atque
547 1445 659 1504 inlinita'
670 1462 736 1504 esse
757 1445 960 1524 prodiderunt,
982 1445 1064 1523 quod
1082 1447 1178 1505 verius
1217 1471 1219 1474 ·

149 1569 158 1595 t
175 1529 325 1608 adparebit
340 1549 378 1590 ex
389 1531 471 1590 vinis.
499 1548 554 1589 neo
567 1529 659 1589 omnia
672 1528 816 1603 dicentur,
832 1527 886 1588 sed
896 1547 1027 1588 maxume
1040 1530 1204 1608 insignique

174 1614 282 1690 quippe
298 1615 418 1675 totidem
433 1629 526 1691 paene
547 1622 612 1673 sunt
628 1623 697 1692 quot
715 1615 793 1690 agri,
812 1612 998 1692 quamobrem
1015 1611 1178 1673 celeberri·

174 1712 235 1754 mas
263 1698 360 1756 vitium
390 1706 437 1756 aut
466 1697 568 1773 quibus
601 1707 645 1756 est
667 1697 763 1776 aliqua
790 1696 968 1775 proprietate
993 1697 1177 1772 miraculum,

132 1791 165 1843 21
176 1779 340 1838 ostendise
362 1781 431 1839 satis
454 1781 518 1840 erit.
556 1781 608 1859 [tl
639 1780 817 1860 Principatus
838 1781 921 1840 datur
938 1779 1069 1840 Amineis
1095 1781 1177 1841 tirmi-

174 1872 261 1922 tatem
276 1872 397 1940 propter
421 1864 560 1940 senioque
580 1865 780 1942 proficientem
801 1865 858 1923 vini
879 1865 941 1924 eius
963 1867 1061 1944 utique
1081 1867 1176 1926 vitam.

176 1947 301 2025 quinque
321 1963 416 2007 earum
432 1965 551 2025 genera.
587 1965 624 2007 ex
644 1947 688 2007 his
704 1965 841 2026 germana
862 1950 954 2008 minor
973 1951 1057 2008 acino
1074 1949 1204 2008 melius!

113 2043 115 2050 '
176 2030 364 2108 deflorescit,
380 2030 478 2090 imbris
493 2040 741 2133 tempestatesque
758 2032 879 2108 tolerat,
900 2049 958 2092 uon
978 2035 1047 2102 item
1073 2035 1176 2108 maior,

132 2115 252 2180 need
244 2133 272 2174 rn
287 2115 392 2177 arbore
409 2132 494 2194 quam
508 2117 536 2176 in
551 2118 619 2194 iugo
635 2119 724 2176 minus
740 2115 874 2176 obnoxia.
897 2116 1099 2194 gemellorum,
1116 2117 1175 2196 qui·

175 2199 228 2260 bue
244 2200 301 2261 lroc
315 2219 419 2260 nomen
434 2219 506 2262 uvae
523 2217 639 2282 semper
650 2202 781 2300 geminae
794 2190 903 2260 dedere
913 2201 1116 2279 ,asperrimus
1131 2218 1175 2259 sa·

175 2301 230 2362 por
246 2273 298 2346 sed
313 2287 391 2344 vires
405 2285 591 2363 praecipuae.
618 2302 655 2344 ex
670 2285 704 2342 iis
721 2287 813 2362 minor'
828 2295 925 2344 austro
941 2285 1080 2360 laeditur,
1097 2294 1173 2344 cete·

173 2367 213 2426 ris
227 2372 321 2428 ventis
338 2363 437 2445 alitur,
454 2371 508 2427 ut
500 2387 527 2427 ιιι
538 2369 666 2428 Vesuvio
681 2356 777 2428 monte
789 2369 1029 2448 Surrentinisque
1035 2329 1203 2466 eo'llibps,²⁵

174 2453 203 2508 in
217 2453 337 2532 reliquis
348 2451 448 2511 ltaliae
458 2452 586 2530 partibus
598 2469 654 2510 non
670 2454 724 2511 nisr
718 2451 835 2512 arbori
847 2452 1074 2513 adcommodata.
1096 2455 1174 2530 quin·

174 2541 232 2592 turn
245 2552 338 2610 genus
352 2535 474 2595 lanatae.
501 2554 537 2596 ne
553 2537 642 2596 Seres
654 2537 788 2597 miremur
803 2547 849 2596 aut
864 2531 951 2596 ludos
963 2536 1048 2634 adeo,
1067 2536 1173 2614 lanugo

175 2633 238 2675 earn
257 2619 353 2676 uestit.
386 2620 475 2697 prima
501 2638 538 2680 ex
563 2619 692 2679 Amineis
712 2621 879 2680 maturescit
901 2621 1096 2698 ocissimeque
1123 2639 1172 2698 pu·

132 2701 287 2764 bitresoit.
313 2701 365 2779 [ι]
397 2702 537 2763 Proxuma
560 2703 683 2780 dignitas
699 2703 886 2764 Nomentanis
903 2703 1025 2764 rubente
1043 2705 1170 2779 materia,

175 2792 354 2864 quapropter
375 2785 486 2863 quidam
501 2787 630 2847 rabellus
652 2787 839 2866 appellavere
863 2788 973 2848 vineas.
1003 2788 1201 2848 hue'minusat

173 2868 287 2928 fertiles
302 2868 431 2928 vinaceis
449 2880 477 2931 et
498 2871 583 2931 faece
604 2872 703 2948 nimia,
726 2881 826 2932 contra
849 2874 964 2951 pruinas
985 2871 1171 2946 fortissimae,

174 2953 305 3012 siccitate
329 2953 420 3029 magis
442 2971 526 3031 quarn
551 2954 657 3031 imbre,
684 2965 765 3016 aestu
787 2973 871 3035 quam
895 2955 997 3034 algore
1019 2965 1169 3016 verruntur.

174 3037 361 3114 quanuobrem
380 3037 409 3095 in
430 3037 542 3114 frigidis
559 3037 719 3118 umidisque
736 3041 925 3119 principatum
939 3039 1079 3118 optinent.
1116 3039 1170 3100 ier·

131 3121 263 3182 attiliorr
277 3137 352 3200 quae
374 3121 466 3185 minor
485 3124 568 3182 acino
584 3129 613 3182 et
636 3123 707 3183 lolio
733 3125 825 3184 scissa
841 3123 942 3184 minus.
973 3123 1026 3202 [3.]
1053 3122 1169 3202 Apionis

156 3222 246 3283 apes
261 3204 371 3265 dedero
389 3208 565 3283 cognomen,
582 3209 739 3286 praecipue
755 3225 851 3284 earum
869 3208 980 3268 avidae.
1012 3225 1050 3266 ex
1064 3209 1099 3266 iis
1115 3205 1198 3266 droca

173 3305 284 3364 genera
299 3289 432 3366 lanugine
448 3297 477 3348 et
488 3289 551 3368 ipsa
563 3290 733 3369 pubescunt.
759 3292 880 3367 distent,
897 3291 974 3371 quod
989 3291 1080 3351 altera
1092 3291 1167 3352 eele-

174 3371 232 3430 rius
249 3375 429 3452 maturescit,
454 3390 622 3454 quamquam
639 3377 771 3436 etaltera
787 3385 972 3454 properante.
1004 3375 1075 3434 situs
1090 3374 1167 3451 frigi·

176 3451 228 3510 dus
244 3469 301 3514 non
315 3461 474 3536 respuitur,
493 3466 628 3519 ettamen
641 3459 718 3519 nulla
736 3458 861 3519 celerius
876 3460 1051 3520 maturescit.
1079 3457 1166 3517 imbre
