<?xml version="1.0" encoding="UTF-8"?>
<!DOCTYPE html PUBLIC "-//W3C//DTD XHTML 1.0 Transitional//EN"
    "http://www.w3.org/TR/xhtml1/DTD/xhtml1-transitional.dtd">
<html xmlns="http://www.w3.org/1999/xhtml" xml:lang="en" lang="en">
 <head>
  <title>
</title>
<meta http-equiv="Content-Type" content="text/html;charset=utf-8" />
  <meta name='ocr-system' content='tesseract 3.04.00' />
  <meta name='ocr-capabilities' content='ocr_page ocr_carea ocr_par ocr_line ocrx_word'/>
</head>
<body>
  <div class='ocr_page' id='page_1' title='image "./cplinisecundina12plingoog_0156.png"; bbox 0 0 2444 3908; ppageno 0'>
   <div class='ocr_carea' id='block_1_1' title="bbox 282 241 1088 328">
    <p class='ocr_par' dir='ltr' id='par_1_1' title="bbox 282 241 1088 328">
     <span class='ocr_line' id='line_1_1' title="bbox 282 241 1088 328; baseline 0.009 -27"><span class='ocrx_word' id='word_1_1' title='bbox 282 255 362 304; x_wconf 78' lang='lat' dir='ltr'><strong>nau.</strong></span> <span class='ocrx_word' id='word_1_2' title='bbox 384 255 473 302; x_wconf 76' lang='lat' dir='ltr'><strong>urso.</strong></span> <span class='ocrx_word' id='word_1_3' title='bbox 497 255 586 306; x_wconf 80' lang='lat' dir='ltr'><strong>u1111.</strong></span> <span class='ocrx_word' id='word_1_4' title='bbox 609 252 729 306; x_wconf 59' lang='lat' dir='ltr'><strong>alo-51.</strong></span> <span class='ocrx_word' id='word_1_5' title='bbox 748 241 899 328; x_wconf 77' lang='lat' dir='ltr'><strong>(to-tt.)</strong></span> <span class='ocrx_word' id='word_1_6' title='bbox 1030 246 1088 308; x_wconf 82' lang='lat'><strong>115</strong></span> 
     </span>
    </p>
   </div>
   <div class='ocr_carea' id='block_1_2' title="bbox 11 409 1160 3664">
    <p class='ocr_par' dir='ltr' id='par_1_2' title="bbox 86 409 1089 474">
     <span class='ocr_line' id='line_1_2' title="bbox 86 409 1089 474; baseline 0.002 -2"><span class='ocrx_word' id='word_1_7' title='bbox 86 428 184 472; x_wconf 91' lang='lat' dir='ltr'><strong>mares</strong></span> <span class='ocrx_word' id='word_1_8' title='bbox 199 409 319 470; x_wconf 80' lang='lat' dir='ltr'><strong>feminas</strong></span> <span class='ocrx_word' id='word_1_9' title='bbox 340 411 474 470; x_wconf 89' lang='lat' dir='ltr'><strong>similiter</strong></span> <span class='ocrx_word' id='word_1_10' title='bbox 490 427 546 470; x_wconf 86' lang='lat' dir='ltr'><strong>ova</strong></span> <span class='ocrx_word' id='word_1_11' title='bbox 566 419 722 470; x_wconf 74' lang='lat' dir='ltr'><strong>vescentes</strong></span> <span class='ocrx_word' id='word_1_12' title='bbox 739 427 844 470; x_wconf 89' lang='lat' dir='ltr'><strong>earum.</strong></span> <span class='ocrx_word' id='word_1_13' title='bbox 880 425 935 471; x_wconf 90' lang='lat' dir='ltr'><strong>nec</strong></span> <span class='ocrx_word' id='word_1_14' title='bbox 957 415 1027 473; x_wconf 90' lang='lat' dir='ltr'><strong>satis</strong></span> <span class='ocrx_word' id='word_1_15' title='bbox 1044 423 1089 474; x_wconf 90' lang='lat' dir='ltr'><strong>est</strong></span> 
     </span>
    </p>

    <p class='ocr_par' dir='ltr' id='par_1_3' title="bbox 86 495 1087 574">
     <span class='ocr_line' id='line_1_3' title="bbox 86 495 1087 574; baseline 0.003 -19"><span class='ocrx_word' id='word_1_16' title='bbox 86 495 269 574; x_wconf 84' lang='lat' dir='ltr'><strong>generationi</strong></span> <span class='ocrx_word' id='word_1_17' title='bbox 285 513 338 574; x_wconf 90' lang='lat' dir='ltr'><strong>per</strong></span> <span class='ocrx_word' id='word_1_18' title='bbox 354 515 387 554; x_wconf 90' lang='lat' dir='ltr'><strong>se</strong></span> <span class='ocrx_word' id='word_1_19' title='bbox 400 497 505 572; x_wconf 88' lang='lat' dir='ltr'><strong>coitus,</strong></span> <span class='ocrx_word' id='word_1_20' title='bbox 519 495 572 554; x_wconf 90' lang='lat' dir='ltr'><strong>nisi</strong></span> <span class='ocrx_word' id='word_1_21' title='bbox 588 495 670 554; x_wconf 89' lang='lat' dir='ltr'><strong>editis</strong></span> <span class='ocrx_word' id='word_1_22' title='bbox 684 496 746 553; x_wconf 90' lang='lat' dir='ltr'><strong>ovis</strong></span> <span class='ocrx_word' id='word_1_23' title='bbox 758 497 976 556; x_wconf 75' lang='lat' dir='ltr'><strong>interversando</strong></span> <span class='ocrx_word' id='word_1_24' title='bbox 992 517 1087 558; x_wconf 89' lang='lat' dir='ltr'><strong>mares</strong></span> 
     </span>
    </p>

    <p class='ocr_par' dir='ltr' id='par_1_4' title="bbox 87 579 1089 657">
     <span class='ocr_line' id='line_1_4' title="bbox 87 579 1089 657; baseline 0.002 -18"><span class='ocrx_word' id='word_1_25' title='bbox 87 580 177 639; x_wconf 85' lang='lat' dir='ltr'><strong>vitale</strong></span> <span class='ocrx_word' id='word_1_26' title='bbox 198 579 395 657; x_wconf 78' lang='lat' dir='ltr'><strong>adsperserint</strong></span> <span class='ocrx_word' id='word_1_27' title='bbox 418 581 506 639; x_wconf 85' lang='lat' dir='ltr'><strong>virus.</strong></span> <span class='ocrx_word' id='word_1_28' title='bbox 541 597 599 638; x_wconf 92' lang='lat' dir='ltr'><strong>non</strong></span> <span class='ocrx_word' id='word_1_29' title='bbox 620 579 750 638; x_wconf 90' lang='lat' dir='ltr'><strong>omnihus</strong></span> <span class='ocrx_word' id='word_1_30' title='bbox 772 580 800 639; x_wconf 96' lang='lat' dir='ltr'><strong>id</strong></span> <span class='ocrx_word' id='word_1_31' title='bbox 825 581 963 657; x_wconf 83' lang='lat' dir='ltr'><strong>contingit</strong></span> <span class='ocrx_word' id='word_1_32' title='bbox 982 585 1043 641; x_wconf 88' lang='lat' dir='ltr'><strong>ovis</strong></span> <span class='ocrx_word' id='word_1_33' title='bbox 1059 583 1089 641; x_wconf 89' lang='lat' dir='ltr'><strong>in</strong></span> 
     </span>
    </p>

    <p class='ocr_par' dir='ltr' id='par_1_5' title="bbox 62 663 1089 826">
     <span class='ocr_line' id='line_1_5' title="bbox 88 663 1089 742; baseline 0 -18"><span class='ocrx_word' id='word_1_34' title='bbox 88 673 167 724; x_wconf 88' lang='lat' dir='ltr'><strong>tanta</strong></span> <span class='ocrx_word' id='word_1_35' title='bbox 189 663 376 723; x_wconf 87' lang='lat' dir='ltr'><strong>multitudine.</strong></span> <span class='ocrx_word' id='word_1_36' title='bbox 408 663 515 741; x_wconf 84' lang='lat' dir='ltr'><strong>alioqui</strong></span> <span class='ocrx_word' id='word_1_37' title='bbox 531 664 717 742; x_wconf 77' lang='lat' dir='ltr'><strong>replerentur</strong></span> <span class='ocrx_word' id='word_1_38' title='bbox 731 665 818 722; x_wconf 90' lang='lat' dir='ltr'><strong>maria</strong></span> <span class='ocrx_word' id='word_1_39' title='bbox 839 673 868 724; x_wconf 89' lang='lat' dir='ltr'><strong>et</strong></span> <span class='ocrx_word' id='word_1_40' title='bbox 890 673 1007 741; x_wconf 83' lang='lat' dir='ltr'><strong>stagna,</strong></span> <span class='ocrx_word' id='word_1_41' title='bbox 1026 683 1089 725; x_wconf 93' lang='lat' dir='ltr'><strong>cum</strong></span> 
     </span>
     <span class='ocr_line' id='line_1_6' title="bbox 62 748 705 826; baseline -0.009 -15"><span class='ocrx_word' id='word_1_42' title='bbox 62 748 196 825; x_wconf 84' lang='lat' dir='ltr'><strong>osinguli</strong></span> <span class='ocrx_word' id='word_1_43' title='bbox 212 749 285 807; x_wconf 89' lang='lat' dir='ltr'><strong>uteri</strong></span> <span class='ocrx_word' id='word_1_44' title='bbox 299 748 514 808; x_wconf 88' lang='lat' dir='ltr'><strong>innumerabilia</strong></span> <span class='ocrx_word' id='word_1_45' title='bbox 532 749 705 826; x_wconf 89' lang='lat' dir='ltr'><strong>concipiant.</strong></span> 
     </span>
    </p>

    <p class='ocr_par' dir='ltr' id='par_1_6' title="bbox 88 831 1132 1165">
     <span class='ocr_line' id='line_1_7' title="bbox 153 831 1132 909; baseline 0.003 -17"><span class='ocrx_word' id='word_1_46' title='bbox 153 833 204 892; x_wconf 85' lang='lat'><strong>51.</strong></span> <span class='ocrx_word' id='word_1_47' title='bbox 224 831 346 892; x_wconf 81' lang='lat' dir='ltr'><strong>Piscium</strong></span> <span class='ocrx_word' id='word_1_48' title='bbox 358 849 412 891; x_wconf 88' lang='lat' dir='ltr'><strong>ova</strong></span> <span class='ocrx_word' id='word_1_49' title='bbox 429 833 541 892; x_wconf 90' lang='lat' dir='ltr'><strong>inmari</strong></span> <span class='ocrx_word' id='word_1_50' title='bbox 556 841 701 907; x_wconf 89' lang='lat' dir='ltr'><strong>crescunt,</strong></span> <span class='ocrx_word' id='word_1_51' title='bbox 718 832 858 909; x_wconf 87' lang='lat' dir='ltr'><strong>quaedam</strong></span> <span class='ocrx_word' id='word_1_52' title='bbox 872 851 978 892; x_wconf 88' lang='lat' dir='ltr'><strong>summa</strong></span> <span class='ocrx_word' id='word_1_53' title='bbox 993 833 1132 896; x_wconf 84' lang='lat' dir='ltr'><strong>cele-158</strong></span> 
     </span>
     <span class='ocr_line' id='line_1_8' title="bbox 88 915 1087 995; baseline -0.001 -19"><span class='ocrx_word' id='word_1_54' title='bbox 88 920 185 992; x_wconf 81' lang='lat' dir='ltr'><strong>ritate,</strong></span> <span class='ocrx_word' id='word_1_55' title='bbox 204 923 233 974; x_wconf 91' lang='lat' dir='ltr'><strong>ut</strong></span> <span class='ocrx_word' id='word_1_56' title='bbox 249 933 438 992; x_wconf 89' lang='lat' dir='ltr'><strong>murenarum,</strong></span> <span class='ocrx_word' id='word_1_57' title='bbox 454 916 594 995; x_wconf 89' lang='lat' dir='ltr'><strong>quaedam</strong></span> <span class='ocrx_word' id='word_1_58' title='bbox 609 916 695 994; x_wconf 87' lang='lat' dir='ltr'><strong>paolo</strong></span> <span class='ocrx_word' id='word_1_59' title='bbox 712 915 832 975; x_wconf 91' lang='lat' dir='ltr'><strong>tardius.</strong></span> <span class='ocrx_word' id='word_1_60' title='bbox 861 916 940 976; x_wconf 89' lang='lat' dir='ltr'><strong>Plani</strong></span> <span class='ocrx_word' id='word_1_61' title='bbox 956 919 1087 994; x_wconf 78' lang='lat' dir='ltr'><strong>piscium,</strong></span> 
     </span>
     <span class='ocr_line' id='line_1_9' title="bbox 89 1000 1087 1080; baseline -0.002 -20"><span class='ocrx_word' id='word_1_62' title='bbox 89 1001 194 1080; x_wconf 90' lang='lat' dir='ltr'><strong>quibus</strong></span> <span class='ocrx_word' id='word_1_63' title='bbox 210 1000 300 1059; x_wconf 88' lang='lat' dir='ltr'><strong>cauda</strong></span> <span class='ocrx_word' id='word_1_64' title='bbox 319 1017 376 1059; x_wconf 91' lang='lat' dir='ltr'><strong>non</strong></span> <span class='ocrx_word' id='word_1_65' title='bbox 394 1000 480 1059; x_wconf 88' lang='lat' dir='ltr'><strong>obest</strong></span> <span class='ocrx_word' id='word_1_66' title='bbox 497 1001 666 1078; x_wconf 80' lang='lat' dir='ltr'><strong>aculeique,</strong></span> <span class='ocrx_word' id='word_1_67' title='bbox 684 1009 713 1059; x_wconf 88' lang='lat' dir='ltr'><strong>et</strong></span> <span class='ocrx_word' id='word_1_68' title='bbox 729 1001 888 1060; x_wconf 83' lang='lat' dir='ltr'><strong>testudines</strong></span> <span class='ocrx_word' id='word_1_69' title='bbox 904 1002 932 1060; x_wconf 96' lang='lat' dir='ltr'><strong>in</strong></span> <span class='ocrx_word' id='word_1_70' title='bbox 951 1003 1026 1060; x_wconf 90' lang='lat' dir='ltr'><strong>coitu</strong></span> <span class='ocrx_word' id='word_1_71' title='bbox 1041 1019 1087 1058; x_wconf 88' lang='lat' dir='ltr'><strong>su·</strong></span> 
     </span>
     <span class='ocr_line' id='line_1_10' title="bbox 89 1083 1088 1165; baseline 0 -21"><span class='ocrx_word' id='word_1_72' title='bbox 89 1086 277 1165; x_wconf 87' lang='lat' dir='ltr'><strong>perveniunt,</strong></span> <span class='ocrx_word' id='word_1_73' title='bbox 299 1085 401 1164; x_wconf 78' lang='lat' dir='ltr'><strong>polypi</strong></span> <span class='ocrx_word' id='word_1_74' title='bbox 418 1086 498 1144; x_wconf 89' lang='lat' dir='ltr'><strong>crine</strong></span> <span class='ocrx_word' id='word_1_75' title='bbox 521 1101 578 1142; x_wconf 94' lang='lat' dir='ltr'><strong>uno</strong></span> <span class='ocrx_word' id='word_1_76' title='bbox 596 1084 720 1144; x_wconf 83' lang='lat' dir='ltr'><strong>feminae</strong></span> <span class='ocrx_word' id='word_1_77' title='bbox 740 1083 855 1144; x_wconf 90' lang='lat' dir='ltr'><strong>naribus</strong></span> <span class='ocrx_word' id='word_1_78' title='bbox 872 1085 1002 1161; x_wconf 87' lang='lat' dir='ltr'><strong>adnexo,</strong></span> <span class='ocrx_word' id='word_1_79' title='bbox 1025 1103 1088 1144; x_wconf 90' lang='lat' dir='ltr'><strong>sae·</strong></span> 
     </span>
    </p>

    <p class='ocr_par' dir='ltr' id='par_1_7' title="bbox 51 1168 1132 1584">
     <span class='ocr_line' id='line_1_11' title="bbox 51 1168 1089 1250; baseline -0.005 -18"><span class='ocrx_word' id='word_1_80' title='bbox 51 1193 77 1232; x_wconf 86' lang='lat' dir='ltr'><strong>ro</strong></span> <span class='ocrx_word' id='word_1_81' title='bbox 89 1172 157 1250; x_wconf 89' lang='lat' dir='ltr'><strong>piae</strong></span> <span class='ocrx_word' id='word_1_82' title='bbox 171 1179 200 1229; x_wconf 89' lang='lat' dir='ltr'><strong>et</strong></span> <span class='ocrx_word' id='word_1_83' title='bbox 217 1168 363 1245; x_wconf 78' lang='lat' dir='ltr'><strong>lolligines</strong></span> <span class='ocrx_word' id='word_1_84' title='bbox 379 1168 498 1246; x_wconf 87' lang='lat' dir='ltr'><strong>linguis,</strong></span> <span class='ocrx_word' id='word_1_85' title='bbox 517 1177 716 1247; x_wconf 88' lang='lat' dir='ltr'><strong>conponentes</strong></span> <span class='ocrx_word' id='word_1_86' title='bbox 731 1169 805 1227; x_wconf 91' lang='lat' dir='ltr'><strong>inter</strong></span> <span class='ocrx_word' id='word_1_87' title='bbox 817 1187 849 1228; x_wconf 89' lang='lat' dir='ltr'><strong>se</strong></span> <span class='ocrx_word' id='word_1_88' title='bbox 865 1169 1001 1230; x_wconf 89' lang='lat' dir='ltr'><strong>bracchia</strong></span> <span class='ocrx_word' id='word_1_89' title='bbox 1017 1169 1089 1228; x_wconf 91' lang='lat' dir='ltr'><strong>etin</strong></span> 
     </span>
     <span class='ocr_line' id='line_1_12' title="bbox 88 1252 1089 1331; baseline -0.002 -17"><span class='ocrx_word' id='word_1_90' title='bbox 88 1255 263 1314; x_wconf 88' lang='lat' dir='ltr'><strong>contrarium</strong></span> <span class='ocrx_word' id='word_1_91' title='bbox 285 1259 396 1313; x_wconf 84' lang='lat' dir='ltr'><strong>nantes.</strong></span> <span class='ocrx_word' id='word_1_92' title='bbox 440 1270 492 1312; x_wconf 91' lang='lat' dir='ltr'><strong>ore</strong></span> <span class='ocrx_word' id='word_1_93' title='bbox 514 1263 542 1312; x_wconf 91' lang='lat' dir='ltr'><strong>et</strong></span> <span class='ocrx_word' id='word_1_94' title='bbox 566 1255 689 1331; x_wconf 90' lang='lat' dir='ltr'><strong>pariunt.</strong></span> <span class='ocrx_word' id='word_1_95' title='bbox 731 1252 784 1311; x_wconf 89' lang='lat' dir='ltr'><strong>sed</strong></span> <span class='ocrx_word' id='word_1_96' title='bbox 807 1253 908 1331; x_wconf 80' lang='lat' dir='ltr'><strong>polypi</strong></span> <span class='ocrx_word' id='word_1_97' title='bbox 933 1256 1089 1314; x_wconf 87' lang='lat' dir='ltr'><strong>interram</strong></span> 
     </span>
     <span class='ocr_line' id='line_1_13' title="bbox 86 1335 1089 1417; baseline -0.002 -20"><span class='ocrx_word' id='word_1_98' title='bbox 86 1355 177 1397; x_wconf 83' lang='lat' dir='ltr'><strong>verso</strong></span> <span class='ocrx_word' id='word_1_99' title='bbox 195 1338 290 1417; x_wconf 87' lang='lat' dir='ltr'><strong>capite</strong></span> <span class='ocrx_word' id='word_1_100' title='bbox 309 1345 430 1412; x_wconf 90' lang='lat' dir='ltr'><strong>coeunt,</strong></span> <span class='ocrx_word' id='word_1_101' title='bbox 452 1337 564 1415; x_wconf 89' lang='lat' dir='ltr'><strong>reliqua</strong></span> <span class='ocrx_word' id='word_1_102' title='bbox 584 1335 711 1395; x_wconf 92' lang='lat' dir='ltr'><strong>mollium</strong></span> <span class='ocrx_word' id='word_1_103' title='bbox 734 1337 826 1412; x_wconf 78' lang='lat' dir='ltr'><strong>tergis</strong></span> <span class='ocrx_word' id='word_1_104' title='bbox 847 1347 876 1396; x_wconf 91' lang='lat' dir='ltr'><strong>ut</strong></span> <span class='ocrx_word' id='word_1_105' title='bbox 892 1355 999 1412; x_wconf 86' lang='lat' dir='ltr'><strong>canes,</strong></span> <span class='ocrx_word' id='word_1_106' title='bbox 1021 1340 1089 1395; x_wconf 92' lang='lat' dir='ltr'><strong>item</strong></span> 
     </span>
     <span class='ocr_line' id='line_1_14' title="bbox 87 1419 1132 1499; baseline 0 -16"><span class='ocrx_word' id='word_1_107' title='bbox 87 1424 222 1483; x_wconf 89' lang='lat' dir='ltr'><strong>locustae</strong></span> <span class='ocrx_word' id='word_1_108' title='bbox 235 1430 264 1480; x_wconf 83' lang='lat' dir='ltr'><strong>et</strong></span> <span class='ocrx_word' id='word_1_109' title='bbox 278 1422 411 1499; x_wconf 89' lang='lat' dir='ltr'><strong>squillae,</strong></span> <span class='ocrx_word' id='word_1_110' title='bbox 429 1422 525 1480; x_wconf 75' lang='lat' dir='ltr'><strong>cariori</strong></span> <span class='ocrx_word' id='word_1_111' title='bbox 538 1438 599 1479; x_wconf 91' lang='lat' dir='ltr'><strong>ore.</strong></span> <span class='ocrx_word' id='word_1_112' title='bbox 625 1419 724 1480; x_wconf 87' lang='lat' dir='ltr'><strong>Ranae</strong></span> <span class='ocrx_word' id='word_1_113' title='bbox 737 1423 952 1498; x_wconf 87' lang='lat' dir='ltr'><strong>superveniunt,</strong></span> <span class='ocrx_word' id='word_1_114' title='bbox 967 1421 1132 1499; x_wconf 83' lang='lat' dir='ltr'><strong>priori-159</strong></span> 
     </span>
     <span class='ocr_line' id='line_1_15' title="bbox 87 1503 1089 1584; baseline -0.003 -19"><span class='ocrx_word' id='word_1_115' title='bbox 87 1507 143 1566; x_wconf 90' lang='lat' dir='ltr'><strong>hus</strong></span> <span class='ocrx_word' id='word_1_116' title='bbox 159 1505 283 1584; x_wconf 90' lang='lat' dir='ltr'><strong>pedihus</strong></span> <span class='ocrx_word' id='word_1_117' title='bbox 300 1506 361 1565; x_wconf 89' lang='lat' dir='ltr'><strong>alas</strong></span> <span class='ocrx_word' id='word_1_118' title='bbox 379 1505 501 1564; x_wconf 82' lang='lat' dir='ltr'><strong>feminae</strong></span> <span class='ocrx_word' id='word_1_119' title='bbox 516 1523 594 1564; x_wconf 89' lang='lat' dir='ltr'><strong>mare</strong></span> <span class='ocrx_word' id='word_1_120' title='bbox 610 1503 860 1583; x_wconf 76' lang='lat' dir='ltr'><strong>adprehendente,</strong></span> <span class='ocrx_word' id='word_1_121' title='bbox 878 1504 1089 1582; x_wconf 89' lang='lat' dir='ltr'><strong>posterioribus</strong></span> 
     </span>
    </p>

    <p class='ocr_par' dir='ltr' id='par_1_8' title="bbox 53 1590 1090 2004">
     <span class='ocr_line' id='line_1_16' title="bbox 53 1590 1086 1680; baseline 0.001 -35"><span class='ocrx_word' id='word_1_122' title='bbox 53 1605 77 1647; x_wconf 79' lang='lat' dir='ltr'><strong>rs</strong></span> <span class='ocrx_word' id='word_1_123' title='bbox 89 1591 194 1650; x_wconf 90' lang='lat' dir='ltr'><strong>clunis.</strong></span> <span class='ocrx_word' id='word_1_124' title='bbox 221 1591 334 1680; x_wconf 79' lang='lat' dir='ltr'><strong>pariunt</strong></span> <span class='ocrx_word' id='word_1_125' title='bbox 347 1591 484 1648; x_wconf 87' lang='lat' dir='ltr'><strong>minumae</strong></span> <span class='ocrx_word' id='word_1_126' title='bbox 507 1591 601 1648; x_wconf 91' lang='lat' dir='ltr'><strong>carnis</strong></span> <span class='ocrx_word' id='word_1_127' title='bbox 616 1590 731 1666; x_wconf 84' lang='lat' dir='ltr'><strong>nigras,</strong></span> <span class='ocrx_word' id='word_1_128' title='bbox 749 1606 820 1666; x_wconf 87' lang='lat' dir='ltr'><strong>quas</strong></span> <span class='ocrx_word' id='word_1_129' title='bbox 835 1591 955 1665; x_wconf 78' lang='lat' dir='ltr'><strong>gyrinos</strong></span> <span class='ocrx_word' id='word_1_130' title='bbox 970 1597 1086 1661; x_wconf 81' lang='lat' dir='ltr'><strong>vocant,</strong></span> 
     </span>
     <span class='ocr_line' id='line_1_17' title="bbox 88 1672 1090 1752; baseline -0.002 -18"><span class='ocrx_word' id='word_1_131' title='bbox 88 1675 184 1734; x_wconf 85' lang='lat' dir='ltr'><strong>oculis</strong></span> <span class='ocrx_word' id='word_1_132' title='bbox 200 1683 305 1733; x_wconf 88' lang='lat' dir='ltr'><strong>tantum</strong></span> <span class='ocrx_word' id='word_1_133' title='bbox 323 1682 352 1732; x_wconf 89' lang='lat' dir='ltr'><strong>et</strong></span> <span class='ocrx_word' id='word_1_134' title='bbox 368 1673 457 1732; x_wconf 92' lang='lat' dir='ltr'><strong>cauda</strong></span> <span class='ocrx_word' id='word_1_135' title='bbox 472 1674 602 1750; x_wconf 83' lang='lat' dir='ltr'><strong>insignis,</strong></span> <span class='ocrx_word' id='word_1_136' title='bbox 626 1691 694 1734; x_wconf 87' lang='lat' dir='ltr'><strong>mox</strong></span> <span class='ocrx_word' id='word_1_137' title='bbox 717 1673 810 1752; x_wconf 92' lang='lat' dir='ltr'><strong>pedes</strong></span> <span class='ocrx_word' id='word_1_138' title='bbox 829 1672 985 1750; x_wconf 82' lang='lat' dir='ltr'><strong>ligurantur</strong></span> <span class='ocrx_word' id='word_1_139' title='bbox 999 1672 1090 1732; x_wconf 86' lang='lat' dir='ltr'><strong>cauda</strong></span> 
     </span>
     <span class='ocr_line' id='line_1_18' title="bbox 87 1758 1089 1836; baseline -0.002 -19"><span class='ocrx_word' id='word_1_140' title='bbox 87 1758 216 1817; x_wconf 87' lang='lat' dir='ltr'><strong>lindente</strong></span> <span class='ocrx_word' id='word_1_141' title='bbox 232 1777 265 1816; x_wconf 89' lang='lat' dir='ltr'><strong>se</strong></span> <span class='ocrx_word' id='word_1_142' title='bbox 276 1760 305 1817; x_wconf 93' lang='lat' dir='ltr'><strong>in</strong></span> <span class='ocrx_word' id='word_1_143' title='bbox 320 1759 512 1836; x_wconf 87' lang='lat' dir='ltr'><strong>posteriores.</strong></span> <span class='ocrx_word' id='word_1_144' title='bbox 542 1759 700 1836; x_wconf 85' lang='lat' dir='ltr'><strong>mirumque</strong></span> <span class='ocrx_word' id='word_1_145' title='bbox 717 1759 851 1816; x_wconf 86' lang='lat' dir='ltr'><strong>semestri</strong></span> <span class='ocrx_word' id='word_1_146' title='bbox 865 1759 922 1818; x_wconf 87' lang='lat' dir='ltr'><strong>uita</strong></span> <span class='ocrx_word' id='word_1_147' title='bbox 937 1758 1089 1816; x_wconf 91' lang='lat' dir='ltr'><strong>resolvon·</strong></span> 
     </span>
     <span class='ocr_line' id='line_1_19' title="bbox 88 1841 1089 1920; baseline -0.003 -18"><span class='ocrx_word' id='word_1_148' title='bbox 88 1853 135 1902; x_wconf 89' lang='lat' dir='ltr'><strong>tur</strong></span> <span class='ocrx_word' id='word_1_149' title='bbox 153 1843 180 1900; x_wconf 94' lang='lat' dir='ltr'><strong>in</strong></span> <span class='ocrx_word' id='word_1_150' title='bbox 196 1841 291 1901; x_wconf 89' lang='lat' dir='ltr'><strong>limum</strong></span> <span class='ocrx_word' id='word_1_151' title='bbox 305 1841 384 1900; x_wconf 89' lang='lat' dir='ltr'><strong>nullo</strong></span> <span class='ocrx_word' id='word_1_152' title='bbox 403 1849 551 1916; x_wconf 89' lang='lat' dir='ltr'><strong>cernente,</strong></span> <span class='ocrx_word' id='word_1_153' title='bbox 568 1851 596 1900; x_wconf 88' lang='lat' dir='ltr'><strong>et</strong></span> <span class='ocrx_word' id='word_1_154' title='bbox 613 1861 712 1902; x_wconf 86' lang='lat' dir='ltr'><strong>rursus</strong></span> <span class='ocrx_word' id='word_1_155' title='bbox 727 1842 824 1901; x_wconf 91' lang='lat' dir='ltr'><strong>vernis</strong></span> <span class='ocrx_word' id='word_1_156' title='bbox 839 1843 921 1920; x_wconf 86' lang='lat' dir='ltr'><strong>aquis</strong></span> <span class='ocrx_word' id='word_1_157' title='bbox 935 1859 1089 1901; x_wconf 89' lang='lat' dir='ltr'><strong>renascun-</strong></span> 
     </span>
     <span class='ocr_line' id='line_1_20' title="bbox 88 1925 1089 2004; baseline -0.004 -18"><span class='ocrx_word' id='word_1_158' title='bbox 88 1937 137 1986; x_wconf 93' lang='lat' dir='ltr'><strong>tur</strong></span> <span class='ocrx_word' id='word_1_159' title='bbox 155 1944 228 2003; x_wconf 89' lang='lat' dir='ltr'><strong>quae</strong></span> <span class='ocrx_word' id='word_1_160' title='bbox 246 1927 346 2000; x_wconf 88' lang='lat' dir='ltr'><strong>luere,</strong></span> <span class='ocrx_word' id='word_1_161' title='bbox 364 1935 481 1986; x_wconf 90' lang='lat' dir='ltr'><strong>naturae</strong></span> <span class='ocrx_word' id='word_1_162' title='bbox 501 1925 620 2004; x_wconf 91' lang='lat' dir='ltr'><strong>perinde</strong></span> <span class='ocrx_word' id='word_1_163' title='bbox 641 1927 755 1986; x_wconf 91' lang='lat' dir='ltr'><strong>occulta</strong></span> <span class='ocrx_word' id='word_1_164' title='bbox 774 1927 902 2001; x_wconf 89' lang='lat' dir='ltr'><strong>ratione,</strong></span> <span class='ocrx_word' id='word_1_165' title='bbox 922 1944 985 1985; x_wconf 93' lang='lat' dir='ltr'><strong>cum</strong></span> <span class='ocrx_word' id='word_1_166' title='bbox 1002 1927 1089 1984; x_wconf 88' lang='lat' dir='ltr'><strong>omni·</strong></span> 
     </span>
    </p>

    <p class='ocr_par' dir='ltr' id='par_1_9' title="bbox 48 2009 1133 2428">
     <span class='ocr_line' id='line_1_21' title="bbox 48 2009 1133 2089; baseline -0.001 -21"><span class='ocrx_word' id='word_1_167' title='bbox 48 2027 77 2068; x_wconf 84' lang='lat' dir='ltr'><strong>ao</strong></span> <span class='ocrx_word' id='word_1_168' title='bbox 87 2011 144 2070; x_wconf 88' lang='lat' dir='ltr'><strong>hus</strong></span> <span class='ocrx_word' id='word_1_169' title='bbox 161 2011 239 2068; x_wconf 91' lang='lat' dir='ltr'><strong>annis</strong></span> <span class='ocrx_word' id='word_1_170' title='bbox 255 2010 283 2069; x_wconf 93' lang='lat' dir='ltr'><strong>id</strong></span> <span class='ocrx_word' id='word_1_171' title='bbox 295 2012 418 2075; x_wconf 86' lang='lat' dir='ltr'><strong>eveniat.</strong></span> <span class='ocrx_word' id='word_1_172' title='bbox 445 2009 482 2070; x_wconf 83' lang='lat' dir='ltr'><strong>m</strong></span> <span class='ocrx_word' id='word_1_173' title='bbox 496 2011 585 2070; x_wconf 90' lang='lat' dir='ltr'><strong>mituli</strong></span> <span class='ocrx_word' id='word_1_174' title='bbox 601 2020 630 2069; x_wconf 87' lang='lat' dir='ltr'><strong>et</strong></span> <span class='ocrx_word' id='word_1_175' title='bbox 645 2013 778 2089; x_wconf 91' lang='lat' dir='ltr'><strong>pectines</strong></span> <span class='ocrx_word' id='word_1_176' title='bbox 793 2019 898 2088; x_wconf 91' lang='lat' dir='ltr'><strong>sponte</strong></span> <span class='ocrx_word' id='word_1_177' title='bbox 910 2019 1028 2070; x_wconf 89' lang='lat' dir='ltr'><strong>naturae</strong></span> <span class='ocrx_word' id='word_1_178' title='bbox 1043 2012 1072 2067; x_wconf 92' lang='lat' dir='ltr'><strong>in</strong></span> <span class='ocrx_word' id='word_1_179' title='bbox 1083 2016 1133 2072; x_wconf 84' lang='lat'><strong>160</strong></span> 
     </span>
     <span class='ocr_line' id='line_1_22' title="bbox 86 2094 1090 2176; baseline -0.006 -20"><span class='ocrx_word' id='word_1_180' title='bbox 86 2095 241 2156; x_wconf 83' lang='lat' dir='ltr'><strong>harenosis</strong></span> <span class='ocrx_word' id='word_1_181' title='bbox 257 2098 438 2176; x_wconf 81' lang='lat' dir='ltr'><strong>proveniunt.</strong></span> <span class='ocrx_word' id='word_1_182' title='bbox 469 2115 543 2174; x_wconf 86' lang='lat' dir='ltr'><strong>quae</strong></span> <span class='ocrx_word' id='word_1_183' title='bbox 560 2094 683 2154; x_wconf 88' lang='lat' dir='ltr'><strong>durioris</strong></span> <span class='ocrx_word' id='word_1_184' title='bbox 699 2103 794 2153; x_wconf 89' lang='lat' dir='ltr'><strong>testae</strong></span> <span class='ocrx_word' id='word_1_185' title='bbox 811 2103 891 2166; x_wconf 89' lang='lat' dir='ltr'><strong>sunt,</strong></span> <span class='ocrx_word' id='word_1_186' title='bbox 909 2102 939 2176; x_wconf 69' lang='lat' dir='ltr'><strong>pt</strong></span> <span class='ocrx_word' id='word_1_187' title='bbox 954 2095 1090 2167; x_wconf 89' lang='lat' dir='ltr'><strong>murices,</strong></span> 
     </span>
     <span class='ocr_line' id='line_1_23' title="bbox 87 2177 1089 2261; baseline -0.007 -22"><span class='ocrx_word' id='word_1_188' title='bbox 87 2197 252 2261; x_wconf 87' lang='lat' dir='ltr'><strong>purpurae,</strong></span> <span class='ocrx_word' id='word_1_189' title='bbox 274 2181 410 2240; x_wconf 89' lang='lat' dir='ltr'><strong>salivario</strong></span> <span class='ocrx_word' id='word_1_190' title='bbox 427 2181 556 2252; x_wconf 89' lang='lat' dir='ltr'><strong>lentore,</strong></span> <span class='ocrx_word' id='word_1_191' title='bbox 579 2179 654 2236; x_wconf 89' lang='lat' dir='ltr'><strong>sicut</strong></span> <span class='ocrx_word' id='word_1_192' title='bbox 676 2187 832 2236; x_wconf 87' lang='lat' dir='ltr'><strong>acescente</strong></span> <span class='ocrx_word' id='word_1_193' title='bbox 848 2193 947 2235; x_wconf 90' lang='lat' dir='ltr'><strong>umore</strong></span> <span class='ocrx_word' id='word_1_194' title='bbox 970 2177 1089 2234; x_wconf 91' lang='lat' dir='ltr'><strong>culices.</strong></span> 
     </span>
     <span class='ocr_line' id='line_1_24' title="bbox 86 2257 1089 2343; baseline -0.009 -18"><span class='ocrx_word' id='word_1_195' title='bbox 86 2282 165 2343; x_wconf 91' lang='lat' dir='ltr'><strong>apua</strong></span> <span class='ocrx_word' id='word_1_196' title='bbox 190 2281 289 2343; x_wconf 89' lang='lat' dir='ltr'><strong>spuma</strong></span> <span class='ocrx_word' id='word_1_197' title='bbox 316 2265 403 2324; x_wconf 90' lang='lat' dir='ltr'><strong>maris</strong></span> <span class='ocrx_word' id='word_1_198' title='bbox 431 2263 644 2334; x_wconf 90' lang='lat' dir='ltr'><strong>incalescente,</strong></span> <span class='ocrx_word' id='word_1_199' title='bbox 671 2279 734 2320; x_wconf 90' lang='lat' dir='ltr'><strong>cum</strong></span> <span class='ocrx_word' id='word_1_200' title='bbox 755 2260 896 2319; x_wconf 88' lang='lat' dir='ltr'><strong>admissus</strong></span> <span class='ocrx_word' id='word_1_201' title='bbox 919 2268 965 2316; x_wconf 89' lang='lat' dir='ltr'><strong>est</strong></span> <span class='ocrx_word' id='word_1_202' title='bbox 989 2257 1089 2316; x_wconf 88' lang='lat' dir='ltr'><strong>imber.</strong></span> 
     </span>
     <span class='ocr_line' id='line_1_25' title="bbox 88 2345 1089 2428; baseline -0.009 -20"><span class='ocrx_word' id='word_1_203' title='bbox 88 2366 165 2428; x_wconf 89' lang='lat' dir='ltr'><strong>quae</strong></span> <span class='ocrx_word' id='word_1_204' title='bbox 181 2365 253 2407; x_wconf 82' lang='lat' dir='ltr'><strong>vero</strong></span> <span class='ocrx_word' id='word_1_205' title='bbox 270 2348 371 2408; x_wconf 91' lang='lat' dir='ltr'><strong>siliceo</strong></span> <span class='ocrx_word' id='word_1_206' title='bbox 389 2348 515 2424; x_wconf 85' lang='lat' dir='ltr'><strong>tegmine</strong></span> <span class='ocrx_word' id='word_1_207' title='bbox 532 2345 710 2424; x_wconf 88' lang='lat' dir='ltr'><strong>operiuntur,</strong></span> <span class='ocrx_word' id='word_1_208' title='bbox 725 2352 756 2402; x_wconf 88' lang='lat' dir='ltr'><strong>nt</strong></span> <span class='ocrx_word' id='word_1_209' title='bbox 776 2351 884 2418; x_wconf 90' lang='lat' dir='ltr'><strong>ostrea,</strong></span> <span class='ocrx_word' id='word_1_210' title='bbox 902 2350 1089 2421; x_wconf 89' lang='lat' dir='ltr'><strong>putrescente</strong></span> 
     </span>
    </p>

    <p class='ocr_par' dir='ltr' id='par_1_10' title="bbox 47 2425 1143 2844">
     <span class='ocr_line' id='line_1_26' title="bbox 47 2425 1091 2510; baseline -0.007 -20"><span class='ocrx_word' id='word_1_211' title='bbox 47 2447 75 2490; x_wconf 78' lang='lat' dir='ltr'><strong>as</strong></span> <span class='ocrx_word' id='word_1_212' title='bbox 87 2435 159 2494; x_wconf 93' lang='lat' dir='ltr'><strong>limo</strong></span> <span class='ocrx_word' id='word_1_213' title='bbox 175 2441 223 2491; x_wconf 89' lang='lat' dir='ltr'><strong>aut</strong></span> <span class='ocrx_word' id='word_1_214' title='bbox 239 2451 338 2510; x_wconf 91' lang='lat' dir='ltr'><strong>spuma</strong></span> <span class='ocrx_word' id='word_1_215' title='bbox 353 2433 431 2492; x_wconf 86' lang='lat' dir='ltr'><strong>circa</strong></span> <span class='ocrx_word' id='word_1_216' title='bbox 446 2430 558 2506; x_wconf 83' lang='lat' dir='ltr'><strong>navigia</strong></span> <span class='ocrx_word' id='word_1_217' title='bbox 573 2425 678 2488; x_wconf 85' lang='lat' dir='ltr'><strong>diutius</strong></span> <span class='ocrx_word' id='word_1_218' title='bbox 694 2429 797 2488; x_wconf 87' lang='lat' dir='ltr'><strong>stantia</strong></span> <span class='ocrx_word' id='word_1_219' title='bbox 815 2427 985 2505; x_wconf 78' lang='lat' dir='ltr'><strong>delirosque</strong></span> <span class='ocrx_word' id='word_1_220' title='bbox 1006 2425 1091 2504; x_wconf 91' lang='lat' dir='ltr'><strong>palos</strong></span> 
     </span>
     <span class='ocr_line' id='line_1_27' title="bbox 87 2511 1092 2592; baseline -0.01 -14"><span class='ocrx_word' id='word_1_221' title='bbox 87 2527 119 2578; x_wconf 93' lang='lat' dir='ltr'><strong>et</strong></span> <span class='ocrx_word' id='word_1_222' title='bbox 142 2516 248 2592; x_wconf 85' lang='lat' dir='ltr'><strong>lignum</strong></span> <span class='ocrx_word' id='word_1_223' title='bbox 269 2535 411 2576; x_wconf 83' lang='lat' dir='ltr'><strong>maxume.</strong></span> <span class='ocrx_word' id='word_1_224' title='bbox 446 2531 538 2592; x_wconf 89' lang='lat' dir='ltr'><strong>nuper</strong></span> <span class='ocrx_word' id='word_1_225' title='bbox 559 2520 730 2591; x_wconf 84' lang='lat' dir='ltr'><strong>conpertum</strong></span> <span class='ocrx_word' id='word_1_226' title='bbox 750 2511 780 2572; x_wconf 92' lang='lat' dir='ltr'><strong>in</strong></span> <span class='ocrx_word' id='word_1_227' title='bbox 800 2512 949 2571; x_wconf 88' lang='lat' dir='ltr'><strong>ostreariis</strong></span> <span class='ocrx_word' id='word_1_228' title='bbox 964 2529 1092 2570; x_wconf 90' lang='lat' dir='ltr'><strong>umorem</strong></span> 
     </span>
     <span class='ocr_line' id='line_1_28' title="bbox 86 2597 1090 2674; baseline -0.007 -12"><span class='ocrx_word' id='word_1_229' title='bbox 86 2605 125 2662; x_wconf 88' lang='lat' dir='ltr'><strong>iis</strong></span> <span class='ocrx_word' id='word_1_230' title='bbox 139 2599 277 2659; x_wconf 87' lang='lat' dir='ltr'><strong>ietillcum</strong></span> <span class='ocrx_word' id='word_1_231' title='bbox 297 2599 382 2660; x_wconf 88' lang='lat' dir='ltr'><strong>lactis</strong></span> <span class='ocrx_word' id='word_1_232' title='bbox 402 2599 488 2658; x_wconf 93' lang='lat' dir='ltr'><strong>modo</strong></span> <span class='ocrx_word' id='word_1_233' title='bbox 506 2597 638 2658; x_wconf 88' lang='lat' dir='ltr'><strong>eilluere.</strong></span> <span class='ocrx_word' id='word_1_234' title='bbox 670 2597 816 2674; x_wconf 85' lang='lat' dir='ltr'><strong>anguillae</strong></span> <span class='ocrx_word' id='word_1_235' title='bbox 832 2604 957 2656; x_wconf 84' lang='lat' dir='ltr'><strong>atterunt</strong></span> <span class='ocrx_word' id='word_1_236' title='bbox 973 2614 1005 2656; x_wconf 87' lang='lat' dir='ltr'><strong>se</strong></span> <span class='ocrx_word' id='word_1_237' title='bbox 1026 2614 1090 2655; x_wconf 89' lang='lat' dir='ltr'><strong>sco·</strong></span> 
     </span>
     <span class='ocr_line' id='line_1_29' title="bbox 87 2675 1143 2766; baseline -0.004 -24"><span class='ocrx_word' id='word_1_238' title='bbox 87 2684 177 2766; x_wconf 89' lang='lat' dir='ltr'><strong>pulis.</strong></span> <span class='ocrx_word' id='word_1_239' title='bbox 196 2701 230 2742; x_wconf 88' lang='lat' dir='ltr'><strong>ea</strong></span> <span class='ocrx_word' id='word_1_240' title='bbox 243 2685 411 2760; x_wconf 87' lang='lat' dir='ltr'><strong>strigmenta</strong></span> <span class='ocrx_word' id='word_1_241' title='bbox 422 2684 584 2757; x_wconf 81' lang='lat' dir='ltr'><strong>vivescunt,</strong></span> <span class='ocrx_word' id='word_1_242' title='bbox 601 2700 656 2740; x_wconf 91' lang='lat' dir='ltr'><strong>nec</strong></span> <span class='ocrx_word' id='word_1_243' title='bbox 671 2675 727 2740; x_wconf 86' lang='lat' dir='ltr'><strong>alia</strong></span> <span class='ocrx_word' id='word_1_244' title='bbox 742 2691 786 2741; x_wconf 90' lang='lat' dir='ltr'><strong>est</strong></span> <span class='ocrx_word' id='word_1_245' title='bbox 803 2697 902 2740; x_wconf 93' lang='lat' dir='ltr'><strong>eorum</strong></span> <span class='ocrx_word' id='word_1_246' title='bbox 914 2683 1090 2758; x_wconf 89' lang='lat' dir='ltr'><strong>procreatio.</strong></span> <span class='ocrx_word' id='word_1_247' title='bbox 1138 2741 1143 2753; x_wconf 78' lang='lat'><strong>.</strong></span> 
     </span>
     <span class='ocr_line' id='line_1_30' title="bbox 85 2765 1133 2844; baseline -0.004 -14"><span class='ocrx_word' id='word_1_248' title='bbox 85 2769 214 2830; x_wconf 89' lang='lat' dir='ltr'><strong>Piscium</strong></span> <span class='ocrx_word' id='word_1_249' title='bbox 240 2765 356 2827; x_wconf 88' lang='lat' dir='ltr'><strong>diverso</strong></span> <span class='ocrx_word' id='word_1_250' title='bbox 382 2785 491 2843; x_wconf 86' lang='lat' dir='ltr'><strong>genera</strong></span> <span class='ocrx_word' id='word_1_251' title='bbox 518 2783 575 2824; x_wconf 94' lang='lat' dir='ltr'><strong>non</strong></span> <span class='ocrx_word' id='word_1_252' title='bbox 598 2773 703 2825; x_wconf 87' lang='lat' dir='ltr'><strong>coeunt</strong></span> <span class='ocrx_word' id='word_1_253' title='bbox 723 2773 842 2844; x_wconf 87' lang='lat' dir='ltr'><strong>praeter</strong></span> <span class='ocrx_word' id='word_1_254' title='bbox 863 2767 1023 2843; x_wconf 86' lang='lat' dir='ltr'><strong>squatinam</strong></span> <span class='ocrx_word' id='word_1_255' title='bbox 1045 2774 1073 2824; x_wconf 91' lang='lat' dir='ltr'><strong>et</strong></span> <span class='ocrx_word' id='word_1_256' title='bbox 1083 2772 1133 2826; x_wconf 83' lang='lat'><strong>161</strong></span> 
     </span>
    </p>

    <p class='ocr_par' dir='ltr' id='par_1_11' title="bbox 49 2849 1089 2929">
     <span class='ocr_line' id='line_1_31' title="bbox 49 2849 1089 2929; baseline -0.007 -18"><span class='ocrx_word' id='word_1_257' title='bbox 49 2853 196 2927; x_wconf 86' lang='lat' dir='ltr'><strong>aoraiam,</strong></span> <span class='ocrx_word' id='word_1_258' title='bbox 219 2870 257 2910; x_wconf 82' lang='lat' dir='ltr'><strong>ex</strong></span> <span class='ocrx_word' id='word_1_259' title='bbox 277 2851 380 2929; x_wconf 87' lang='lat' dir='ltr'><strong>quihus</strong></span> <span class='ocrx_word' id='word_1_260' title='bbox 399 2851 525 2910; x_wconf 88' lang='lat' dir='ltr'><strong>nascitur</strong></span> <span class='ocrx_word' id='word_1_261' title='bbox 539 2850 638 2927; x_wconf 88' lang='lat' dir='ltr'><strong>priore</strong></span> <span class='ocrx_word' id='word_1_262' title='bbox 660 2859 743 2927; x_wconf 87' lang='lat' dir='ltr'><strong>parte</strong></span> <span class='ocrx_word' id='word_1_263' title='bbox 765 2851 844 2910; x_wconf 89' lang='lat' dir='ltr'><strong>raiae</strong></span> <span class='ocrx_word' id='word_1_264' title='bbox 861 2849 977 2924; x_wconf 89' lang='lat' dir='ltr'><strong>similis,</strong></span> <span class='ocrx_word' id='word_1_265' title='bbox 994 2858 1022 2908; x_wconf 89' lang='lat' dir='ltr'><strong>et</strong></span> <span class='ocrx_word' id='word_1_266' title='bbox 1039 2863 1089 2905; x_wconf 94' lang='lat' dir='ltr'><strong>no·</strong></span> 
     </span>
    </p>

    <p class='ocr_par' dir='ltr' id='par_1_12' title="bbox 11 2931 1160 3266">
     <span class='ocr_line' id='line_1_32' title="bbox 11 2931 1160 3014; baseline -0.002 -16"><span class='ocrx_word' id='word_1_267' title='bbox 11 2991 17 2998; x_wconf 84' lang='lat'><strong>.</strong></span> <span class='ocrx_word' id='word_1_268' title='bbox 85 2955 155 2996; x_wconf 89' lang='lat' dir='ltr'><strong>men</strong></span> <span class='ocrx_word' id='word_1_269' title='bbox 172 2954 210 2995; x_wconf 82' lang='lat' dir='ltr'><strong>ex</strong></span> <span class='ocrx_word' id='word_1_270' title='bbox 225 2945 349 3014; x_wconf 89' lang='lat' dir='ltr'><strong>utroque</strong></span> <span class='ocrx_word' id='word_1_271' title='bbox 366 2936 547 3012; x_wconf 87' lang='lat' dir='ltr'><strong>conpositum</strong></span> <span class='ocrx_word' id='word_1_272' title='bbox 560 2933 635 3011; x_wconf 91' lang='lat' dir='ltr'><strong>apud</strong></span> <span class='ocrx_word' id='word_1_273' title='bbox 648 2931 776 2992; x_wconf 84' lang='lat' dir='ltr'><strong>Graecos</strong></span> <span class='ocrx_word' id='word_1_274' title='bbox 791 2933 895 2992; x_wconf 77' lang='lat' dir='ltr'><strong>trahit.</strong></span> <span class='ocrx_word' id='word_1_275' title='bbox 926 2931 1073 3005; x_wconf 80' lang='lat' dir='ltr'><strong>Quaedam</strong></span> <span class='ocrx_word' id='word_1_276' title='bbox 1083 2938 1132 2993; x_wconf 75' lang='lat' dir='ltr'><strong>tot</strong></span> <span class='ocrx_word' id='word_1_277' title='bbox 1154 2985 1160 2996; x_wconf 77' lang='grc'><strong><em>,</em></strong></span> 
     </span>
     <span class='ocr_line' id='line_1_33' title="bbox 83 3016 1089 3099; baseline -0.008 -19"><span class='ocrx_word' id='word_1_278' title='bbox 83 3032 225 3099; x_wconf 88' lang='lat' dir='ltr'><strong>ternpore</strong></span> <span class='ocrx_word' id='word_1_279' title='bbox 240 3023 304 3079; x_wconf 90' lang='lat' dir='ltr'><strong>anni</strong></span> <span class='ocrx_word' id='word_1_280' title='bbox 318 3022 488 3098; x_wconf 81' lang='lat' dir='ltr'><strong>gignuntur,</strong></span> <span class='ocrx_word' id='word_1_281' title='bbox 508 3025 536 3075; x_wconf 89' lang='lat' dir='ltr'><strong>et</strong></span> <span class='ocrx_word' id='word_1_282' title='bbox 551 3019 579 3076; x_wconf 91' lang='lat' dir='ltr'><strong>in</strong></span> <span class='ocrx_word' id='word_1_283' title='bbox 593 3033 693 3076; x_wconf 90' lang='lat' dir='ltr'><strong>umore</strong></span> <span class='ocrx_word' id='word_1_284' title='bbox 708 3025 739 3075; x_wconf 91' lang='lat' dir='ltr'><strong>ut</strong></span> <span class='ocrx_word' id='word_1_285' title='bbox 753 3019 782 3074; x_wconf 90' lang='lat' dir='ltr'><strong>in</strong></span> <span class='ocrx_word' id='word_1_286' title='bbox 796 3026 892 3092; x_wconf 85' lang='lat' dir='ltr'><strong>terra,</strong></span> <span class='ocrx_word' id='word_1_287' title='bbox 912 3033 983 3074; x_wconf 86' lang='lat' dir='ltr'><strong>vere</strong></span> <span class='ocrx_word' id='word_1_288' title='bbox 1000 3016 1089 3092; x_wconf 88' lang='lat' dir='ltr'><strong>pecti·</strong></span> 
     </span>
     <span class='ocr_line' id='line_1_34' title="bbox 84 3098 1089 3179; baseline -0.011 -13"><span class='ocrx_word' id='word_1_289' title='bbox 84 3123 160 3179; x_wconf 87' lang='lat' dir='ltr'><strong>nes,</strong></span> <span class='ocrx_word' id='word_1_290' title='bbox 184 3105 319 3179; x_wconf 91' lang='lat' dir='ltr'><strong>limaces,</strong></span> <span class='ocrx_word' id='word_1_291' title='bbox 342 3104 518 3164; x_wconf 88' lang='lat' dir='ltr'><strong>hirundines.</strong></span> <span class='ocrx_word' id='word_1_292' title='bbox 555 3101 655 3160; x_wconf 90' lang='lat' dir='ltr'><strong>eadem</strong></span> <span class='ocrx_word' id='word_1_293' title='bbox 676 3111 807 3178; x_wconf 90' lang='lat' dir='ltr'><strong>tempore</strong></span> <span class='ocrx_word' id='word_1_294' title='bbox 824 3107 1009 3160; x_wconf 86' lang='lat' dir='ltr'><strong>evanescunt.</strong></span> <span class='ocrx_word' id='word_1_295' title='bbox 1048 3098 1089 3175; x_wconf 90' lang='lat' dir='ltr'><strong>pi·</strong></span> 
     </span>
     <span class='ocr_line' id='line_1_35' title="bbox 84 3184 1089 3266; baseline -0.011 -15"><span class='ocrx_word' id='word_1_296' title='bbox 84 3191 184 3251; x_wconf 93' lang='lat' dir='ltr'><strong>scium</strong></span> <span class='ocrx_word' id='word_1_297' title='bbox 203 3189 288 3266; x_wconf 92' lang='lat' dir='ltr'><strong>lupus</strong></span> <span class='ocrx_word' id='word_1_298' title='bbox 307 3198 335 3247; x_wconf 90' lang='lat' dir='ltr'><strong>et</strong></span> <span class='ocrx_word' id='word_1_299' title='bbox 357 3189 474 3248; x_wconf 90' lang='lat' dir='ltr'><strong>trichias</strong></span> <span class='ocrx_word' id='word_1_300' title='bbox 497 3185 542 3244; x_wconf 90' lang='lat' dir='ltr'><strong>his</strong></span> <span class='ocrx_word' id='word_1_301' title='bbox 560 3202 633 3244; x_wconf 93' lang='lat' dir='ltr'><strong>anno</strong></span> <span class='ocrx_word' id='word_1_302' title='bbox 655 3187 745 3263; x_wconf 89' lang='lat' dir='ltr'><strong>parit,</strong></span> <span class='ocrx_word' id='word_1_303' title='bbox 767 3193 795 3244; x_wconf 89' lang='lat' dir='ltr'><strong>et</strong></span> <span class='ocrx_word' id='word_1_304' title='bbox 818 3184 956 3244; x_wconf 83' lang='lat' dir='ltr'><strong>saxatiles</strong></span> <span class='ocrx_word' id='word_1_305' title='bbox 980 3199 1089 3242; x_wconf 91' lang='lat' dir='ltr'><strong>omnes.</strong></span> 
     </span>
    </p>

    <p class='ocr_par' dir='ltr' id='par_1_13' title="bbox 49 3265 1091 3664">
     <span class='ocr_line' id='line_1_36' title="bbox 49 3265 1091 3348; baseline -0.012 -13"><span class='ocrx_word' id='word_1_306' title='bbox 49 3273 170 3335; x_wconf 79' lang='lat' dir='ltr'><strong>astrrulli</strong></span> <span class='ocrx_word' id='word_1_307' title='bbox 196 3280 256 3348; x_wconf 89' lang='lat' dir='ltr'><strong>ter,</strong></span> <span class='ocrx_word' id='word_1_308' title='bbox 278 3281 309 3332; x_wconf 89' lang='lat' dir='ltr'><strong>ut</strong></span> <span class='ocrx_word' id='word_1_309' title='bbox 327 3272 454 3348; x_wconf 89' lang='lat' dir='ltr'><strong>chalcis,</strong></span> <span class='ocrx_word' id='word_1_310' title='bbox 476 3270 611 3347; x_wconf 88' lang='lat' dir='ltr'><strong>cyprinus</strong></span> <span class='ocrx_word' id='word_1_311' title='bbox 632 3271 745 3344; x_wconf 88' lang='lat' dir='ltr'><strong>sexies,</strong></span> <span class='ocrx_word' id='word_1_312' title='bbox 769 3285 949 3347; x_wconf 88' lang='lat' dir='ltr'><strong>scorpaenae</strong></span> <span class='ocrx_word' id='word_1_313' title='bbox 970 3265 1031 3342; x_wconf 90' lang='lat' dir='ltr'><strong>his,</strong></span> <span class='ocrx_word' id='word_1_314' title='bbox 1044 3267 1091 3324; x_wconf 78' lang='lat' dir='ltr'><strong>&#39;ac</strong></span> 
     </span>
     <span class='ocr_line' id='line_1_37' title="bbox 83 3351 1090 3436; baseline -0.013 -15"><span class='ocrx_word' id='word_1_315' title='bbox 83 3358 171 3436; x_wconf 75' lang='lat' dir='ltr'><strong>sergi</strong></span> <span class='ocrx_word' id='word_1_316' title='bbox 186 3374 258 3415; x_wconf 83' lang='lat' dir='ltr'><strong>vere</strong></span> <span class='ocrx_word' id='word_1_317' title='bbox 275 3366 303 3415; x_wconf 90' lang='lat' dir='ltr'><strong>et</strong></span> <span class='ocrx_word' id='word_1_318' title='bbox 317 3366 460 3417; x_wconf 89' lang='lat' dir='ltr'><strong>autumno.</strong></span> <span class='ocrx_word' id='word_1_319' title='bbox 493 3371 531 3412; x_wconf 87' lang='lat' dir='ltr'><strong>ex</strong></span> <span class='ocrx_word' id='word_1_320' title='bbox 546 3353 638 3432; x_wconf 92' lang='lat' dir='ltr'><strong>planis</strong></span> <span class='ocrx_word' id='word_1_321' title='bbox 654 3357 783 3432; x_wconf 90' lang='lat' dir='ltr'><strong>squatina</strong></span> <span class='ocrx_word' id='word_1_322' title='bbox 799 3353 854 3427; x_wconf 90' lang='lat' dir='ltr'><strong>bis,</strong></span> <span class='ocrx_word' id='word_1_323' title='bbox 873 3351 935 3410; x_wconf 90' lang='lat' dir='ltr'><strong>sola</strong></span> <span class='ocrx_word' id='word_1_324' title='bbox 946 3359 1090 3424; x_wconf 90' lang='lat' dir='ltr'><strong>autumno,</strong></span> 
     </span>
     <span class='ocr_line' id='line_1_38' title="bbox 81 3434 1090 3520; baseline -0.014 -14"><span class='ocrx_word' id='word_1_325' title='bbox 81 3459 199 3506; x_wconf 87' lang='lat' dir='ltr'><strong>occasu</strong></span> <span class='ocrx_word' id='word_1_326' title='bbox 215 3441 410 3518; x_wconf 85' lang='lat' dir='ltr'><strong>vergiliarum.</strong></span> <span class='ocrx_word' id='word_1_327' title='bbox 445 3440 566 3520; x_wconf 89' lang='lat' dir='ltr'><strong>plurumi</strong></span> <span class='ocrx_word' id='word_1_328' title='bbox 584 3439 704 3517; x_wconf 90' lang='lat' dir='ltr'><strong>piscium</strong></span> <span class='ocrx_word' id='word_1_329' title='bbox 718 3439 809 3498; x_wconf 87' lang='lat' dir='ltr'><strong>trihus</strong></span> <span class='ocrx_word' id='word_1_330' title='bbox 821 3434 970 3495; x_wconf 88' lang='lat' dir='ltr'><strong>mensibus</strong></span> <span class='ocrx_word' id='word_1_331' title='bbox 986 3434 1090 3513; x_wconf 79' lang='lat' dir='ltr'><strong>Aprili,</strong></span> 
     </span>
     <span class='ocr_line' id='line_1_39' title="bbox 80 3519 1091 3664; baseline -0.011 -74"><span class='ocrx_word' id='word_1_332' title='bbox 80 3528 183 3602; x_wconf 82' lang='lat' dir='ltr'><strong>Maio,</strong></span> <span class='ocrx_word' id='word_1_333' title='bbox 207 3523 305 3601; x_wconf 87' lang='lat' dir='ltr'><strong>Iunio,</strong></span> <span class='ocrx_word' id='word_1_334' title='bbox 326 3526 426 3604; x_wconf 89' lang='lat' dir='ltr'><strong>salpae</strong></span> <span class='ocrx_word' id='word_1_335' title='bbox 451 3535 601 3597; x_wconf 91' lang='lat' dir='ltr'><strong>autumno,</strong></span> <span class='ocrx_word' id='word_1_336' title='bbox 627 3526 704 3600; x_wconf 78' lang='lat' dir='ltr'><strong>sangi</strong></span> <span class='ocrx_word' id='word_1_337' title='bbox 712 3568 720 3598; x_wconf 91' lang='lat'><strong>,</strong></span> <span class='ocrx_word' id='word_1_338' title='bbox 739 3519 996 3664; x_wconf 71' lang='lat' dir='ltr'><strong>torpedo,8spuali</strong></span> <span class='ocrx_word' id='word_1_339' title='bbox 1013 3521 1091 3580; x_wconf 86' lang='lat' dir='ltr'><strong>circa</strong></span> 
     </span>
    </p>
   </div>
   <div class='ocr_carea' id='block_1_3' title="bbox 0 0 1231 3908">
    <p class='ocr_par' dir='ltr' id='par_1_14' title="bbox 0 0 1231 3908">
     <span class='ocr_line' id='line_1_40' title="bbox 0 0 1231 3908; baseline 0 0"><span class='ocrx_word' id='word_1_340' title='bbox 0 0 1231 3908; x_wconf 95' lang='lat' dir='ltr'><strong> </strong></span> 
     </span>
    </p>
   </div>
  </div>
 </body>
</html>
