2444 3908
140 177 199 240 110
430 212 438 222 -
479 187 627 234 o.1>1.m1
650 185 799 234 saccum

137 351 274 419 mumque
287 297 456 414 mordentia,
483 342 521 400 ita
533 339 693 418 pendentes
709 339 844 399 aviditate
861 355 912 399 sua
927 355 1075 418 purpurae
1091 343 1155 406 tal-

138 427 242 486 luatur.

97 519 148 574 133
219 509 268 571 38.
294 509 378 589 (62.)
408 507 480 588 Capi
501 526 551 568 eas
572 516 641 585 post
662 509 740 568 canis
757 515 850 566 ortum
874 515 923 566 ant
942 517 1154 574 anteversum

139 606 251 673 tempus
276 594 472 669 utilissimum,
502 593 645 690 quoniam,
663 609 726 652 cum
748 591 954 666 ceriilcavere,
978 592 1077 656 fluxos
1098 595 1153 656 ha·

139 679 208 742 beot
235 695 332 739 sucos.
379 678 432 737 sed
461 677 489 738 id
514 678 700 753 tinguentium
727 676 861 754 cilicinae
896 677 1047 753 ignorant,
1084 696 1176 740 cums

1 821 2 824 ,
65 778 71 784 ·
97 784 130 818 ns
142 781 250 824 summa
265 770 397 822 vertatur
410 763 438 820 in
454 778 501 820 eo.
534 761 666 820 eximitur
685 769 788 838 postea
811 776 884 819 rena
902 778 987 839 quam
1009 762 1151 839 diximus,

140 851 185 908 cui
202 848 268 907 addi
282 846 372 905 salem
391 847 608 921 necessarium,
627 846 771 905 sextarios
786 845 878 904 ferme
900 854 1041 904 centenas
1064 849 1096 906 in
1116 848 1150 907 li·

139 931 223 1005 bras,
240 930 381 989 macerari
397 931 490 989 triduo
509 931 628 1003 iustum,
645 931 751 1008 quippe
767 937 846 988 tanto
867 929 959 988 maior
972 931 1017 990 vis
1039 941 1150 1010 quanto

138 1014 297 1075 recentior.
329 1013 446 1073 fervere
467 1016 495 1073 in
511 1012 646 1092 plumbo,
665 1013 852 1092 singulasque
867 1013 1023 1092 amphoras
1046 1026 1150 1075 cente-

139 1116 190 1158 nas
214 1097 248 1156 ad
270 1098 478 1174 quingentenas
502 1098 697 1158 medicaminis
722 1097 811 1157 libras
830 1099 951 1175 aequari
973 1101 1184 1160 acmodicom

141 1197 252 1261 vapore
267 1183 373 1242 torreri
389 1191 418 1242 ct
437 1183 505 1242 ideo
520 1183 697 1260 longinquae
712 1182 840 1241 fornacis
858 1181 1003 1242 cuniculo.
1037 1185 1078 1244 ita
1100 1185 1150 1245 de·

59 1286 65 1292 ⁷
139 1267 276 1345 spumatis
293 1266 414 1326 subinde
427 1267 571 1343 carnibus,
585 1284 656 1345 quas
669 1265 838 1326 adhaesisse
851 1267 935 1326 venis
950 1283 1078 1326 neeesse
1093 1278 1149 1343 est,

141 1353 263 1412 decumo
281 1351 373 1411 ferme
395 1351 442 1412 die
460 1352 567 1431 liquata
585 1351 695 1410 cortina
711 1349 807 1408 vellus
826 1349 989 1410 elutriatum
1007 1354 1151 1429 mergitur

140 1438 168 1495 in
195 1437 423 1515 experimentum
450 1447 496 1512 et,
522 1436 617 1495 donec
644 1436 708 1512 spei
735 1435 805 1494 satis
833 1434 898 1508 fiat,
924 1436 1016 1494 uritur
1040 1436 1148 1514 liquor.

3 1585 13 1591 ,
98 1520 265 1583 134rubens
290 1521 374 1579 color
398 1521 528 1596 nigrante
554 1519 692 1578 deterior.
740 1519 835 1596 quinis
861 1519 926 1578 lana
953 1528 1036 1596 potat
1068 1520 1184 1580 horis²⁸

140 1619 299 1679 rursusque
316 1605 456 1680 mergitur
477 1604 648 1676 carminata,
670 1603 765 1662 donec
781 1618 894 1662 omnem
912 1601 1010 1662 ebibat
1026 1605 1148 1664 saniem.

141 1684 275 1744 bucinum
291 1704 345 1764 per
365 1705 399 1745 se
416 1688 581 1760 damnatur,
601 1687 734 1764 quoniam
755 1687 851 1746 lucum
868 1688 995 1746 remittit.
1027 1675 1148 1766 pelagio

140 1768 292 1829 admodum
309 1771 462 1846 adligatus,
478 1771 641 1848 nimiaeque
658 1772 719 1830 eius
737 1772 870 1846 nigritiae
886 1771 933 1832 dat
949 1773 1150 1832 austeritatem

139 1853 218 1913 illam
245 1854 425 1931 nitoremque
447 1856 495 1932 qui
520 1855 666 1931 quaeritur
688 1856 792 1914 cocci..
813 1856 850 1915 ita
871 1856 1020 1933 permixtis
1037 1855 1149 1916 viribus

100 1936 281 2000 135alterum
302 1938 395 1997 altero
417 1941 558 1998 excitatur
580 1947 627 1998 aut
647 1937 842 2015 adstringitur.
888 1940 1002 1998 Summa
1021 1941 1182 2000 medica-a

140 2022 245 2081 minum
260 2023 288 2080 in
303 2037 324 2082 1.
341 2023 429 2084 libras
446 2022 588 2082 vellerum
605 2022 701 2081 bucini
719 2023 850 2082 ducenae
867 2032 895 2082 et
911 2041 927 2082 e
943 2022 1064 2100 pelagio
1080 2037 1149 2084 cxl.

140 2108 179 2164 ita
192 2105 222 2165 lit
238 2108 390 2183 amethysti
407 2107 626 2168 coloreximius
642 2107 702 2167 ille.
732 2115 761 2166 at
777 2105 880 2181 Tyrius
895 2107 1015 2185 pelagio
1029 2109 1151 2184 primun

141 2192 259 2251 satiatur
270 2193 408 2253 inmatura
419 2193 561 2270 viridique
574 2192 694 2266 cortina,
711 2208 778 2250 mox
795 2200 972 2268 permutatur
987 2193 1015 2250 in
1029 2191 1148 2253 bucino.

58 2347 60 2354 Ι
140 2275 203 2336 laus
228 2279 255 2336 ei
280 2295 388 2338 summa
410 2279 437 2336 in
458 2277 559 2336 colore
581 2276 728 2353 sanguinis
753 2276 900 2350 concreti,
925 2277 1072 2352 nigricans
1098 2277 1148 2336 ad·

141 2371 244 2438 spectu
265 2362 400 2440 idemque
423 2370 561 2440 suspectu
589 2360 749 2437 refulgens.
788 2359 863 2418 unde
882 2369 911 2418 et
930 2358 1058 2418 Homero
1081 2375 1181 2438 puras

140 2461 248 2520 pureus
266 2447 370 2505 dicitur
386 2447 512 2521 sanguis.
941 2471 945 2476 ’

99 2533 150 2588 136
205 2527 254 2587 39.
285 2528 369 2606 (63.)
397 2529 545 2604 Purpurae
567 2528 778 2588 usum.Romae
800 2545 917 2606 semper
936 2527 1026 2588 luisse
1047 2527 1148 2602 video,

142 2608 194 2667 sed
211 2609 334 2671 Romulo
352 2614 380 2670 in
402 2609 512 2670 trabea.
543 2629 607 2670 nam
628 2621 696 2688 toga
714 2620 867 2690 praetexta
891 2619 920 2670 et
936 2611 1041 2671 latiore
1063 2613 1148 2672 clavo

143 2691 255 2752 Tullum
275 2693 427 2755 Hostilium
449 2713 466 2754 e
487 2694 605 2771 regibrls
625 2698 744 2773 primum
767 2715 848 2756 usum
868 2694 1001 2759 Etruscis
1023 2695 1149 2756 devictis

99 2783 151 2842 137
161 2778 229 2836 satis
246 2788 369 2839 constat.
400 2777 502 2857 Nepos
518 2777 687 2854 cornelius,
704 2782 752 2858 qui
769 2779 827 2840 divi
843 2780 968 2856 Augusti
984 2781 1181 2857 principatum

24 2877 27 2884 ’
143 2859 1148 2943 obiit:Me,inquit,iuveneviolaceapurpuravigebat,

143 2948 246 3006 cuius
269 2947 369 3007 libra
390 2947 557 3008 denariis
586 2958 730 3008 centum
750 2949 919 3023 venibat,
940 2965 1008 3006 nec
1031 2949 1148 3012 multo

143 3041 229 3110 post
256 3030 369 3091 rubra
400 3031 609 3094 Tarentina.
642 3034 735 3095 ,huic
765 3034 957 3094 successit
984 3031 1150 3110 dibapha

143 3113 265 3190 Tyria,
290 3133 381 3194 quae
399 3117 433 3176 in
456 3116 571 3177 libras
594 3118 762 3188 denariis
780 3117 884 3178 mille
907 3133 977 3179 non
994 3124 1149 3194 poterat
1208 3173 1215 3184 ,

144 3201 218 3258 emi.
238 3199 353 3276 ,hacP.
370 3198 549 3260 Lentulus
564 3201 741 3280 Spinther
756 3202 895 3262 aedilis
912 3200 1056 3260 curulis
1073 3201 1181 3278 pri-as

143 3301 212 3342 mus
227 3285 261 3342 in
281 3293 481 3362 praetexta
496 3303 581 3344 usus
599 3285 881 3363 inprobabatur,
897 3303 967 3364 qua
982 3302 1148 3362 purpura

144 3369 227 3441 quis
243 3386 312 3428 non
328 3371 403 3445 iam,
419 3370 519 3447 inquit,
535 3371 762 3430 tricliniaria
777 3367 889 3430 faciti
915 3367 1052 3448 Spinther
1068 3369 1147 3428 aedi-

144 3446 181 3506 lis
196 3449 247 3509 luit
262 3453 341 3513 urbis
358 3454 493 3514 conditae
509 3469 583 3513 anno
601 3466 717 3514 noxus.
736 3451 880 3514 Cicerone
899 3453 1029 3514 consule.
1067 3450 1147 3512 diba-
