2444 3908
258 223 339 270 nnn.
363 222 455 271 rursu.
473 223 549 271 vm.
565 220 687 274 tte—ee.
706 213 857 292 (uu-st.)
1010 213 1054 276 ut

7 375 112 450 alut,
135 391 260 454 quorum
275 375 421 454 palatum
412 395 440 435 ιιι
451 384 537 453 gustu
551 377 786 453 sagauimimum
782 384 918 439 aratores
931 399 1054 460 quonam

21 459 132 520 morlo
153 455 352 520 intellexerint
363 461 459 521 miror.
490 461 651 522 tonduntur
663 470 693 522 et
704 461 813 541 Alpun
828 463 933 542 quibus
946 467 1053 544 mugni-

22 545 113 606 sudo
133 535 254 605 melium
265 553 320 618 est,
332 544 386 607 sel
401 544 429 604 hi
445 544 554 623 pabulo
565 548 656 605 aote'
647 565 676 606 ιιι
692 565 800 624 sparus
817 557 972 624 eonveeto,
990 567 1054 610 uum

19 629 167 708 quidem
181 635 297 688 narrent
310 628 438 689 alternos
446 647 557 690 marem
565 647 602 690 eo
612 630 746 690 feminum
755 630 898 691 subrosae
907 633 1053 732 eqnplexo

7 715 132 774 fasee
147 712 261 772 herbae
277 713 413 790 supinos,
434 713 524 774 urnula
539 714 686 774 mordiens
707 715 939 793 adprehensa,
930 719 1054 776 mutuam

27 797 165 858 detrahi
180 796 362 875 adspersum,
379 798 505 876 ideoque
521 797 572 857 illo
591 808 724 877 ternpore
744 799 849 858 detrito
867 817 935 860 esse
953 801 1052 860 dorse.

29 883 119 942 Sunt
135 881 183 941 bis
195 899 283 959 pares
298 890 328 942 et
339 882 367 940 in
379 880 528 961 Aegypto,
540 883 730 961 similiterque
745 883 947 943 residentesin
960 884 1053 944 elunis

33 967 92 1026 et
83 983 115 1024 ιιι
126 965 204 1024 binis
219 964 343 1044 pellibus
355 965 733 1045 gradiunturprioribusque
745 976 774 1026 ut
784 967 915 1026 manibus
927 975 1050 1028 utuntur.

111 1050 200 1128 (56.)
229 1048 407 1128 Praeparant
429 1049 531 1110 hiemi
544 1061 574 1110 et
596 1052 724 1110 benuuei
744 1050 827 1110 eibos
862 1069 898 1111 ae
917 1039 1096 1116 voluuuraa

7 1145 138 1213 osupra
148 1135 272 1194 iacentia
283 1150 368 1214 poma
383 1134 477 1194 adlisa
489 1135 589 1212 spinis,
605 1153 690 1194 unum
701 1135 823 1212 amplius
837 1145 971 1197 tenentes
988 1151 1052 1211 ore,

35 1227 167 1298 portant
183 1219 212 1276 in
229 1234 317 1278 uanas
331 1218 463 1280 arbores.
491 1217 578 1279 iidem
596 1220 782 1278 mutationem
797 1219 969 1296 aquilonis'
961 1237 989 1278 ιιι
1003 1235 1052 1280 au-

37 1312 151 1376 strum,
169 1301 328 1362 uendentes
342 1320 375 1361 se
391 1305 419 1362 in
436 1301 532 1362 nubile
548 1304 743 1381 praesagiunt.
770 1303 819 1363 ubi
835 1321 908 1362 vero
932 1320 1053 1363 sensere

36 1396 215 1462 verrentem,
224 1394 374 1446 nontrueto
386 1397 416 1446 et
425 1403 477 1446 ora
490 1386 671 1466 pedibusque
681 1403 717 1446 ae
726 1396 809 1465 parte
817 1389 891 1446 omni
901 1387 1051 1462 interiore,
1132 1401 1135 1410 ’

39 1487 107 1550 qua
130 1488 224 1530 ruram
247 1479 276 1530 et
295 1472 446 1530 innocuum
468 1470 576 1530 habeut
596 1472 770 1548 lanuginem,
788 1470 999 1534 convolvuntur
1021 1472 1050 1530 in

7 1563 29 1608 lb
40 1555 174 1616 formam
189 1555 282 1634 pilae,
305 1555 427 1633 nequid
446 1555 644 1633 oonprebenuli
665 1557 759 1634 possit
779 1563 900 1634 praeter,
920 1555 1051 1616 auulens.

39 1642 75 1700 in
90 1639 297 1718 desperatione
308 1657 382 1698 vero
398 1639 507 1700 urinum
518 1657 557 1698 ex
570 1657 603 1698 se
613 1639 737 1699 reddunt
751 1638 906 1716 tubifloum,
924 1639 1035 1717 tergori
1044 1645 1096 1702 134

43 1741 103 1784 suo
124 1725 274 1802 spinisque
292 1725 423 1798 noxiam,
439 1733 562 1800 propter
582 1723 685 1783 house
706 1724 773 1802 rupi
792 1725 884 1800 gnari.
915 1721 1053 1804 quumm-

42 1825 112 1869 rem
128 1807 290 1866 exinanitos
306 1809 387 1885 prins
400 1807 481 1866 urina
497 1809 598 1868 venari
614 1827 661 1868 ars
679 1817 733 1868 est.
765 1817 795 1867 et
814 1817 874 1868 tum
895 1809 1055 1890 praecipue

45 1894 105 1953 dus
123 1892 245 1969 tergori,
263 1891 336 1952 ulins
351 1901 500 1970 corrupto,
517 1891 626 1969 fragili,
643 1891 773 1972 putribus
789 1893 880 1972 spinis
900 1902 988 1971 atque
1003 1891 1052 1952 ule·

7 1975 159 2051 aoniuuis,
182 1976 294 2035 etiamsi
316 1976 394 2036 vivat
414 1975 577 2036 subtraetus
599 1977 678 2054 iuga.
710 1975 747 2036 ob
764 1975 793 2036 ld
813 1994 871 2036 non
889 1978 944 2037 nisi
958 1978 988 2037 in
1001 1989 1052 2034 nu-

47 2061 168 2120 vissimu
189 2077 242 2138 spe
264 2059 407 2120 maleficio
436 2077 472 2119 eo
489 2061 684 2138 perinntlitur,
707 2063 815 2142 qnippe
838 2069 868 2120 et
884 2062 941 2140 ipsi
961 2060 1053 2120 odere

46 2161 134 2204 sunm
151 2145 338 2218 terrestrium,
356 2145 395 2204 ita
411 2153 565 2223 paroentes
588 2143 642 2203 sibi
664 2146 870 2223 terminumque
888 2161 1054 2223 supremum

51 2229 244 2308 opperientes
260 2236 292 2286 ut
306 2229 398 2288 ierme
420 2238 485 2288 unte
501 2229 654 2306 eaptivitas
670 2237 807 2305 uoeupet.
843 2227 956 2287 ualidae
972 2235 1052 2304 post·

51 2331 89 2373 ea
107 2327 198 2390 aquae
213 2312 356 2390 adspersu
369 2312 527 2372 resolvitur
542 2313 612 2389 pila,
628 2311 888 2390 adprehensusque
906 2328 961 2389 pes
977 2309 1052 2368 alter

8 2411 70 2457 aue
87 2394 297 2474 posterioribus
309 2394 342 2432 **
360 2395 551 2474 suspendiosa
572 2395 648 2455 lame
671 2404 799 2458 necatur.
830 2395 915 2454 aliter
934 2401 1054 2453 nonest

52 2480 192 2542 occidere
209 2488 238 2538 et
262 2481 372 2556 tergori
388 2497 522 2557 paruere.
558 2477 656 2557 lpsum
684 2480 786 2540 animal
807 2497 875 2555 nou,
888 2488 919 2538 nt
938 2495 1034 2537 remur
1043 2485 1094 2540 135

51 2565 197 2644 plerique,
214 2564 293 2624 vitoe
304 2564 446 2626 hominum
462 2581 673 2642 supervacuum
686 2573 741 2639 est,
755 2565 779 2621 si
794 2580 852 2622 non
867 2563 923 2623 sint
933 2562 974 2622 illi
985 2577 1051 2621 eou-

52 2650 105 2723 lei,
120 2649 224 2707 frustra
239 2648 379 2708 vellerum
395 2648 515 2708 mollitia
536 2649 564 2706 in
579 2648 694 2726 pecude
707 2647 879 2707 mortalibus
894 2646 970 2707 data.
998 2645 1054 2706 boe

56 2742 124 2793 oute
140 2731 324 2810 expoliuntur
343 2741 452 2792 vestes.
485 2748 616 2809 magnum
641 2733 721 2794 naus
737 2742 766 2790 et
782 2733 822 2790 ibi
840 2731 974 2810 [luorum]
991 2746 1052 2789 mo-

18 2816 200 2895 ronopolinm
227 2817 351 2891 inuenit,
375 2813 411 2876 de
425 2816 504 2875 nulla
525 2833 558 2876 re
580 2815 776 2876 crebrioribus
793 2814 1052 2875 senatusconsultis

54 2901 190 2980 nulloque
204 2917 262 2960 non
276 2901 407 2979 principe
423 2899 501 2960 adito
517 2901 703 2979 querimoniis
716 2897 951 2978 provincialibus.

118 2985 165 3048 38.
183 2987 267 3066 (57.)
296 2985 403 3048 Urinue
420 2995 449 3044 et
468 2985 580 3045 duobus
597 2984 661 3044 aliis
677 2983 846 3044 animalibus
862 2985 934 3044 ratio
950 2981 1029 3042 mira.
1045 2988 1094 3042 136

12 3070 281 3149 leontophonon
302 3071 459 3148 aooipimne
485 3071 586 3128 vorari
613 3085 733 3147 parvom
758 3087 813 3128 neo
836 3067 904 3127 alibi
928 3079 1052 3125 nascens

57 3171 139 3234 quam
159 3153 207 3214 ubi
224 3155 273 3214 leo
296 3153 431 3231 gignitur,
449 3171 507 3232 quo
528 3161 643 3230 gustato
666 3161 742 3214 tanta
756 3153 807 3212 illa
821 3153 866 3210 vis
891 3159 922 3210 ut
943 3149 1051 3210 ueteris

25 3239 260 3318 usquadripedum
287 3241 454 3316 imperitans
477 3238 556 3298 illino
583 3238 722 3314 exspiret.
760 3253 832 3316 ergo
857 3251 967 3334 corpus
989 3234 1052 3291 eins

58 3325 184 3384 adustum
202 3323 380 3400 adspergunt
395 3323 460 3384 aliis
478 3321 610 3382 carnibus
625 3321 762 3400 polentae
783 3320 870 3380 modo
885 3314 1052 3380 insidiantes

57 3409 135 3468 israe
139 3416 318 3485 ,necantque
335 3410 420 3467 etium
432 3409 540 3468 ninere.
564 3415 623 3466 tam
639 3408 782 3466 contraria
798 3413 844 3463 est
855 3404 955 3482 pestis.
984 3403 1052 3463 haut

59 3493 184 3553 inmerito
204 3493 290 3569 igitur
314 3493 374 3552 odit
397 3493 445 3554 leo
471 3493 621 3570 visumque
647 3490 754 3570 frangit
778 3497 807 3548 et
831 3490 902 3632 upupa
927 3505 1052 3548 morsum
1160 3531 1167 3544 ,
