2444 3910
156 141 177 206 4
499 151 530 199 0.
554 152 649 198 rutra
672 151 822 200 sacuam

157 329 209 372 eas
229 319 328 370 tenent
350 309 454 383 sedes,
479 327 572 386 genus
592 317 686 368 tamen
712 307 855 368 hominurn
873 327 912 368 ex
934 309 968 366 iis
990 309 1041 386 uui
1066 303 1174 386 prolu-

157 404 260 472 gerant
282 403 330 455 aut
347 413 412 454 cum
429 402 585 472 pugnatum
602 402 648 452 est
671 391 803 454 afuerunt
818 392 964 470 hodieque
985 402 1126 452 remanet
1144 395 1174 451 ἰι

114 491 148 545 15
156 481 266 556 paucis.
310 479 409 538 Simile
431 486 460 538 et
482 480 510 536 in
531 477 612 537 ltalia
633 476 793 536 llarsorum
816 495 909 554 genus
931 476 1029 550 durat,
1056 495 1173 555 quasa

157 561 260 622 Circae
276 563 336 623 lilio
353 572 434 622 ortos
447 561 543 621 ierunt
558 571 587 620 et
598 561 664 622 ideo
676 561 774 622 inesse
790 563 825 620 iis
840 560 1079 622 vimnaturalem
1093 580 1170 622 eam.

157 657 185 708 et
201 655 296 708 tamen
312 647 443 706 omnibus
458 645 619 706 hominibus
635 654 736 706 contra
754 647 899 724 serpentis
915 647 989 704 inest
1007 663 1192 720 venenum,r

155 733 308 810 feruntque
331 733 404 791 ictas
427 729 517 791 saliva
542 740 572 790 ut
594 729 735 790 ferventis
759 747 856 807 *aquae
885 736 1020 792 contactu
1045 729 1170 806 lugere.

155 816 234 900 quod
256 817 280 876 si
303 817 331 874 in
353 815 445 876 laucis
464 815 676 891 penetraverit,
701 816 786 874 etiarn
807 815 897 888 mori,
918 813 1004 892 idque
1028 831 1171 874 maxume

153 899 268 960 humani
292 900 378 958 ieiuni
397 899 473 959 oris..
506 899 600 977 Supra
621 897 798 960 Nasamonas
820 899 999 976 confinisque
1021 897 1085 956 illis
1109 897 1171 956 hia

156 985 256 1058 chlyas
272 982 468 1060 Androgynos
491 1001 558 1042 esse
583 985 731 1060 utriusque
755 991 873 1043 naturae
896 984 970 1042 inter
993 999 1026 1039 ae
1051 982 1171 1042 vicibus

156 1069 288 1126 coeuntis
306 1063 491 1145 calliphanes
507 1067 601 1126 tradit.
635 1067 813 1128 Aristoteles
826 1066 913 1127 allicit
929 1065 1062 1125 dextram
1079 1085 1170 1126 mam·
1182 1087 1199 1127 ιι

114 1163 148 1218 15
156 1169 229 1208 ruam
245 1151 279 1208 iis
296 1151 427 1227 virilem,
451 1151 563 1210 laevam
581 1151 750 1211 muliebrem
769 1168 846 1210 esse.
891 1152 920 1210 in
942 1149 1044 1209 eadem
1064 1149 1171 1210 Africa

155 1234 276 1294 familias
301 1236 438 1313 quasdam
461 1236 688 1299 effascinantium
710 1234 844 1312 Isigonus
871 1244 900 1294 et
923 1233 1170 1311 Nymphodorus,

156 1335 276 1398 quorum
291 1318 455 1381 laudatione
469 1321 611 1380 intereant
624 1318 762 1398 probata,
780 1328 914 1381 arescant
926 1317 1068 1392 arbores,
1088 1335 1170 1376 emo-

155 1405 262 1463 riantur
277 1403 410 1465 infantes.
442 1422 510 1464 esse
526 1404 659 1468 eiusdem¹
673 1405 794 1480 generis
810 1405 838 1462 in
853 1401 991 1462 Triballis
1009 1411 1038 1460 et
1054 1400 1170 1478 Illyriis

135 1486 243 1546 ¹adicit
264 1487 414 1562 isigonus,
445 1490 492 1566 qui
514 1489 577 1546 visu
602 1505 719 1568 quoque
744 1488 915 1548 effascinent
941 1486 1171 1564 interimuntque
1180 1510 1199 1548 u

157 1588 230 1649 quos
247 1570 350 1631 diutius
367 1572 546 1646 intueantur,
563 1573 642 1632 iratis
658 1574 817 1650 praecipue
835 1572 944 1646 oculis,
968 1569 1045 1648 quod
1060 1587 1170 1630 eorum

156 1654 261 1714 malum
275 1655 390 1714 facilius
405 1658 513 1715 sentire
529 1655 666 1733 puberes.
690 1655 844 1718 notabilius
858 1674 925 1716 esse
942 1654 1020 1733 quod
1035 1655 1169 1732 pupillas

114 1748 148 1803 ll
157 1739 237 1798 binas
254 1741 282 1798 in
299 1739 418 1816 singulis
433 1739 558 1800 habeant
574 1740 676 1800 oculis.
709 1739 798 1800 liuius
815 1741 933 1817 generis
950 1747 979 1798 et
999 1737 1125 1798 feminas
1140 1740 1170 1796 in
1203 1789 1206 1792 .

157 1823 292 1898 Scythia,
323 1840 396 1899 quae
418 1822 528 1882 Bithiae
547 1834 703 1900 vocantur,
727 1824 822 1903 prodit
841 1822 1044 1902 Apollonides.
1089 1820 1168 1897 Phy·
1214 1873 1215 1880 ,

157 1905 273 1968 larchus
289 1916 318 1966 et
329 1909 358 1965 in
374 1906 465 1967 Ponto
476 1905 642 1982 Thibiorurn
657 1927 750 1986 genus
765 1907 928 1987 multosque
941 1907 1015 1968 alios
1032 1905 1196 1965 eiusdemss

156 1999 293 2066 naturae,
320 2009 441 2069 quorum
462 1999 545 2050 notas
567 1992 699 2052 traditio
720 1993 812 2052 altero
835 1993 921 2052 oculo
944 1991 1088 2069 geminam
1113 2009 1168 2068 pu-

158 2075 255 2154 pillam
273 2077 301 2135 in
316 2075 409 2136 altero
427 2077 493 2154 equi
511 2073 646 2153 effigiem.
685 2077 804 2136 eosdem
827 2085 983 2155 praeterea
998 2091 1057 2133 non
1070 2091 1168 2150 posse

157 2162 266 2238 mergi,
285 2179 321 2221 ne
336 2169 421 2242 veste
433 2161 547 2240 quidem
563 2160 749 2238 degravatus.
779 2161 846 2220 baut
863 2159 1001 2221 dissimile
1019 2159 1053 2218 iis
1068 2175 1168 2234 genus

157 2244 334 2306 Pharnacem
355 2247 383 2304 in
397 2245 554 2324 Aethiopia
576 2245 700 2324 prodidit
716 2241 844 2319 Damon,
871 2261 993 2326 quorum
1011 2242 1103 2302 sudor
1121 2251 1164 2300 ta·

115 2328 585 2408 18bemcontaetiscorporibus
613 2329 734 2388 adierat.
779 2329 899 2388 feminas
925 2327 1040 2406 quidem
1070 2328 1196 2385 omnisu

159 2411 265 2488 ubique
288 2415 352 2470 visu
375 2429 485 2471 nocere
506 2431 579 2490 quae
604 2412 736 2489 duplices
759 2413 885 2491 pupillas
906 2411 1032 2472 habeant
1054 2407 1165 2469 Cicero

159 2510 274 2570 quoque
297 2495 371 2571 apud
393 2512 446 2553 nos
473 2503 574 2553 auctor
599 2504 653 2554 est.
697 2495 771 2556 adeo
790 2506 926 2571 naturae,
950 2514 1013 2554 oum
1035 2494 1164 2554 ferarum

157 2591 269 2634 morem
298 2578 437 2636 vescendi
462 2577 590 2660 humanis
616 2579 778 2640 visceribus
805 2583 833 2639 in
858 2571 973 2640 homine
999 2577 1164 2654 genuisset,

158 2661 281 2736 gignere
295 2661 380 2719 etiam
397 2663 498 2721 intuto
515 2679 640 2740 corpore
653 2673 682 2745 et
698 2666 725 2721 in
741 2665 918 2743 quorundam
935 2664 1028 2724 oculis
1044 2680 1164 2740 quoque
1213 2709 1215 2746 ,

158 2759 270 2801 venena
295 2744 418 2822 placuit,
443 2763 478 2804 ne
502 2747 570 2823 quid
592 2765 712 2825 usquam
727 2748 792 2808 mali
809 2758 888 2808 esset
907 2748 984 2826 quod
1002 2747 1195 2806 inhominem
1214 2801 1215 2826 ,

118 2835 217 2891 lanon
233 2837 322 2886 esset.
366 2828 440 2888 llaut
460 2831 564 2908 procul
582 2831 653 2891 urbe
674 2831 765 2891 lloma
782 2834 810 2890 in
829 2831 1008 2892 Faliscorum
1031 2847 1104 2908 agro
1124 2831 1163 2890 la·
1214 2861 1215 2920 p

159 2912 254 2972 miliae
270 2921 336 2970 sunt
351 2931 460 2991 paucae
476 2933 550 2993 quae
566 2925 705 2976 vocantur
715 2915 805 2995 llirpi.
835 2917 890 2976 hae
906 2916 1049 2976 sacrificio
1068 2930 1163 2974 annuo
1213 2927 1215 2992 ι

160 2995 238 3076 quod
257 2996 286 3055 ht
302 2997 338 3057 ad
352 3007 477 3058 montem
492 3000 643 3060 Soractem
660 2999 789 3078 Apollini
808 3019 896 3079 super
916 2999 1075 3059 ambustam
1093 2998 1164 3075 ligni
1214 3067 1215 3070 Ἴ

161 3091 268 3141 struem
284 3079 463 3141 ambulantes
475 3100 532 3143 non
547 3084 718 3158 aduruntur,
736 3094 765 3142 et
777 3083 814 3144 oh
830 3083 858 3143 id
871 3093 1014 3163 perpetuo
1031 3091 1162 3141 senatus-
1213 3125 1215 3182 p

162 3163 294 3225 consulto
321 3165 437 3226 militiae
458 3170 640 3245 omniumque
666 3168 787 3226 aliorum
810 3186 957 3228 munerum
980 3167 1215 3226 vacationemnr2

118 3247 277 3310 bohabent.
324 3247 507 3322 Quorundam
523 3253 640 3330 corpori
656 3261 754 3329 partes
775 3261 929 3311 nascuntur
945 3251 980 3311 ad
998 3250 1095 3328 aliqua
1112 3250 1162 3308 mi·

160 3332 284 3409 rabiles,
308 3335 383 3393 sicut
398 3334 488 3410 Pyrro
506 3339 570 3413 regi
586 3335 689 3414 pollex
708 3337 737 3394 in
753 3336 855 3396 dextro
872 3335 965 3413 pede,
986 3335 1067 3393 cuius
1084 3341 1163 3394 tactu
1214 3329 1215 3354 ³

160 3415 280 3476 lienosis
296 3417 471 3518 medebatur.
517 3419 592 3478 huuc
609 3421 729 3478 cremari
749 3438 811 3478 cum
829 3421 943 3498 reliquo
963 3435 1090 3496 corpore
1107 3433 1163 3476 non
