2462 3900
250 225 327 272 usu.
343 225 432 274 urse.
446 227 522 275 xurr.
542 225 660 277 11—-1a
680 173 828 300 (au-Lao)
981 219 1043 280 tlt

27 380 95 440 bus
112 379 227 458 quidem
248 381 303 440 nisi
322 381 350 439 iu
373 397 471 442 umore
493 383 574 442 utile.
606 381 726 443 Texitur
740 385 831 444 omnis
850 385 982 457 madente
997 396 1082 452 ta-tt

27 463 111 524 bula
123 461 181 523 Nili
200 467 284 542 aqua.
313 463 443 526 turbidus
461 465 558 544 liquor
572 467 630 529 nim
648 467 763 544 glutinis
784 467 916 551 praebet.
947 467 979 529 ln
994 489 1040 530 re·

30 557 118 608 eumn
129 547 220 624 primo
233 549 333 626 supina
344 549 460 610 tabulae
472 551 581 614 scheda
594 549 726 612 adlinitur
737 551 915 629 longitudine
927 556 1039 634 papyri,

28 645 115 712 qaae
131 633 224 710 potuit
237 650 305 692 esse
321 633 530 710 resegminibus
554 636 696 714 utrimque
717 637 887 715 amputatis,
908 645 1040 697 traversa

0 759 3 770 .
28 725 258 796 peetea‘crates
273 717 396 795 peragit.
426 718 566 796 premitur
581 719 684 780 deiude
701 721 828 804 praelis,
851 729 881 778 et
894 721 1039 781 siccantur

25 800 105 861 sule
122 799 257 878 plagulae
271 809 358 878 atqne
374 803 450 861 inter
465 820 497 862 se
512 803 682 880 iunguntur,
704 820 907 882 proxumarurn
923 821 1040 882 semper

23 884 175 946 bonitatis
191 883 383 944 deminutione
400 885 436 956 ad
452 886 632 946 deterrimas.
663 905 814 967 numquam
830 887 930 966 plures
947 905 1038 966 scapo

25 985 125 1049 quam
140 968 271 1026 vicenae.

94 1049 184 1128 (24.)
207 1049 310 1128 blagna
324 1053 353 1112 iu
373 1053 519 1114 latitudine
538 1073 636 1114 earum
651 1053 829 1138 differentia
851 1055 1080 1132 x111digite·78

1 1176 13 1189 ,
27 1155 103 1198 anm
115 1136 253 1211 optumis,
270 1136 325 1196 duo
342 1136 525 1197 detrahuntur
537 1138 711 1214 hieraticae,
728 1137 871 1201 Fanniaua
885 1139 975 1202 dares
989 1138 1038 1198 ha·
1094 1188 1100 1204 ,

22 1223 103 1296 bet,
131 1227 160 1276 et
180 1235 236 1278 nno
259 1221 350 1280 miuus
372 1221 646 1298 amphitheatritica,
665 1224 819 1301 pauciores
835 1223 959 1297 Saitica,
981 1239 1037 1281 nec

22 1303 146 1368 malleo
163 1302 284 1378 sufficit,
300 1321 365 1363 nam
380 1306 567 1383 emporiticae
584 1305 712 1370 brevitas
727 1323 781 1365 sex
792 1305 898 1383 digitos
913 1323 970 1364 nou
985 1303 1036 1365 ex·

23 1387 125 1450 cedit.
156 1396 308 1464 praeterea
325 1397 471 1466 spectatur
485 1389 513 1446 iu
528 1387 635 1448 ubertis
650 1390 792 1465 tenuitas,
806 1390 951 1465 densitas,
971 1406 1036 1448 cau·

22 1476 102 1546 dor,
116 1471 209 1529 levor.
237 1471 388 1532 Primatruu
400 1473 517 1530 mutavit
528 1470 666 1533 Claudius
678 1471 796 1532 Caesar.
824 1475 908 1533 nimia
924 1473 1032 1551 quippe
1044 1480 1079 1534 79
1153 1533 1159 1543 ,

0 1603 4 1616 ,
22 1559 189 1632 Augustae
204 1556 329 1622 tenuitas
344 1556 502 1614 tolerandis
517 1573 574 1615 uon
590 1555 754 1616 sufficiebat
773 1557 900 1617 calamis.
930 1556 965 1615 ad
980 1556 1052 1616 buc,

20 1639 197 1702 tramittens
208 1637 320 1697 litteras
335 1638 437 1697 liturae
452 1648 556 1698 metum
567 1639 717 1699 adferebat
729 1658 766 1700 ex
778 1642 903 1716 aversis,
920 1649 950 1698 et
965 1640 1036 1700 alias

20 1724 178 1785 indecoro
194 1723 256 1780 visu
272 1721 475 1800 pertralueida.
499 1724 592 1801 ligitur
608 1742 625 1782 e
641 1724 770 1783 secunde
787 1725 867 1784 eurio
887 1726 1037 1784 statumina

20 1811 114 1870 facta
135 1814 200 1864 sunt
221 1815 251 1864 et
271 1807 362 1882 prium
378 1805 546 1866 subtemina.
576 1809 654 1867 auxit
669 1817 698 1866 et
718 1808 913 1884 latitudinem,
934 1807 1079 1885 petaliae
1174 1889 1176 1892 Ι

20 1905 181 1952 emersura.
198 1897 260 1948 arat
273 1897 303 1948 et
320 1889 453 1948 cubitalis
468 1891 672 1966 maurocenis,
689 1893 742 1951 sed
756 1895 829 1953 ratio
846 1892 1037 1972 deprehendit

1 1977 138 2036 :uitium
153 1973 233 2030 unius
252 1972 350 2032 scidae
370 1973 538 2034 revulsione
557 1975 649 2053 pluris
662 1975 817 2036 infestante
836 1977 966 2055 paginas.
998 1975 1035 2034 ob

21 2062 111 2121 baec
127 2056 256 2134 praelata
275 2056 406 2116 omnibus
420 2055 554 2134 Claudia,
574 2059 724 2134 Augustae
745 2061 773 2118 in
790 2059 921 2138 epistulis
936 2069 1034 2118 aueto-

19 2147 105 2204 ritas
120 2139 233 2209 relicta.
260 2139 376 2200 Liviana
393 2157 471 2199 suam
483 2143 587 2216 tenuit,
607 2142 651 2200 cui
666 2141 736 2202 nibil
752 2161 768 2200 e
784 2144 874 2220 prima
889 2151 969 2216 erat,
983 2141 1035 2200 sed

20 2225 131 2288 omnia
148 2241 164 2280 e
180 2224 318 2282 secunda.
598 2282 602 2293 ,

98 2306 185 2384 (25.)
210 2307 350 2366 Scabritia
371 2308 514 2384 levigatur
535 2307 621 2366 dente
642 2309 807 2382 couchave,
829 2307 881 2366 sed
905 2305 1031 2366 caducae
1043 2317 1074 2370 81

0 2437 2 2442 -
19 2398 155 2459 litterae
169 2390 246 2449 liunt.
281 2393 371 2451 minus
388 2392 487 2451 sorbet
502 2391 626 2470 politura
644 2391 759 2466 charta,
781 2391 872 2467 magis
887 2388 1031 2467 splendet.

17 2475 163 2541 rebellat
177 2492 267 2553 saepe
283 2493 365 2534 umor
377 2476 522 2536 incuriose
538 2475 619 2534 datus
634 2477 737 2552 primo,
752 2475 917 2552 malleoque
929 2473 1033 2552 depre-

17 2559 171 2625 henditur
192 2561 342 2618 autetiam
365 2560 483 2640 odore,
496 2576 558 2620 curn
581 2559 668 2618 luerit
684 2557 887 2635 indiligentius.
920 2557 1033 2636 Depre-
1133 2632 1136 2638 Ι

17 2643 170 2708 benditur
190 2651 219 2700 et
237 2642 346 2720 lentigo
369 2644 477 2718 oculis,
501 2644 553 2703 sed
575 2644 682 2702 inserta
701 2643 803 2702 mediis
824 2642 1036 2719 glutinamentis

17 2742 139 2792 taenea
152 2724 239 2802 fungo
251 2727 353 2804 papyri
370 2727 465 2804 bibula
481 2729 530 2786 vix
544 2727 598 2785 uisi
613 2727 708 2786 littera
719 2726 856 2787 fundente
867 2744 910 2788 se.
929 2735 1035 2786 tantum

1 2818 110 2876 inest
127 2809 247 2868 fraudis.
281 2809 353 2870 alius
370 2812 455 2886 igitur
470 2811 572 2870 lterum
586 2811 720 2870 texendis
735 2809 828 2870 labor.

94 2893 184 2973 (26.)
208 2891 348 2954 Glutinum
372 2893 494 2970 volgare
515 2893 666 2972 epollinis
688 2892 759 2951 llore
782 2902 958 2970 temperatur
972 2888 1028 2950 ier·
1041 2899 1081 2958 82

15 2988 121 3044 vente
138 2993 230 3055 aqua,
251 2979 375 3038 minume
395 2979 470 3038 aceti
484 2978 644 3056 adspersu,
660 2993 723 3036 nam
738 2976 842 3037 fabrile
857 2976 1033 3052 curumisque

15 3061 150 3143 fragilia
167 3069 241 3119 suut.
257 3060 438 3139 'diligentior
460 3079 528 3121 cura
547 3059 644 3120 mollia
662 3061 743 3139 panis
759 3059 1034 3120 fermentati'colata

17 3165 107 3230 aqna
125 3145 271 3204 fervente.
302 3147 452 3205 minumum
467 3145 525 3204 boe
539 3143 625 3204 modo
638 3143 825 3220 intergerivi,
839 3153 927 3222 atque
948 3143 1035 3202 etiam

16 3236 73 3298 lini
104 3229 214 3290 lenitas
239 3239 402 3308 superatur.
443 3246 526 3288 omne
543 3235 639 3288 autem
657 3226 794 3303 glutinum
813 3245 869 3288 nec
886 3226 1034 3285 uetustius

16 3335 98 3380 esse
127 3310 215 3371 debet
239 3330 296 3372 uno
319 3312 364 3371 die
383 3331 441 3372 nee
462 3313 617 3373 receuti-us.
656 3321 760 3388 postea
776 3311 881 3371 malleo
901 3318 1034 3370 tenuatur

16 3413 49 3465 et
67 3395 194 3479 glutino
217 3395 411 3474 percurritur,
434 3397 595 3474 iterumque
615 3395 771 3456 constricta
792 3403 928 3470 erugatur
946 3402 1032 3471 atque

16 3479 203 3549 extenditur
217 3479 335 3540 malleo.
368 3478 410 3552 lta
425 3481 480 3540 siut
494 3481 649 3556 longinqua
666 3480 838 3539 monimenta
853 3477 951 3536 Tiberi
966 3477 1030 3537 Gai·
1040 3483 1077 3540 83

18 3588 90 3656 que.
107 3563 308 3685 Gracchorum
327 3581 435 3624 manus.
469 3563 544 3642 apud
558 3561 742 3642 Pomponium
758 3561 921 3708 Secppdum
939 3570 1034 3624 vatem
