2462 3900
168 195 228 258 296
471 205 610 256 cunnus
625 199 776 254 sncnnnn
832 227 836 234 ·

165 377 338 439 peruenere.
360 309 480 437 'cudens
493 361 537 438 {nt
556 353 743 436 diximusl'iu
762 356 900 436 Aegypto
919 355 1003 416 nulis'
1020 371 1092 415 curn
1113 373 1166 434 pc

165 455 247 505 tuere
272 442 363 523 gigni.
400 442 572 504 Geruscrum
593 443 757 522 Aproniana
776 439 1045 516 maxume-rubent,
1066 440 1167 516 niger-

122 538 175 592 103
181 531 252 590 rima
267 538 333 590 sunt
344 527 471 604 Lutetia,
491 525 656 588 Caeciliana
670 543 744 586 veru
756 535 788 585 st
799 524 930 585 rotundu.
958 522 1083 583 iunianis
1096 541 1166 600 gru-

163 623 208 674 tns
223 630 327 695 sapor,
348 612 402 672 sed
416 629 509 691 pucne
523 621 629 672 tuntum
643 608 900 684 subartarentur,
917 609 992 670 adec
1007 609 1122 667 teneris
1137 616 1168 665 nt

164 705 305 774 gestatum
331 713 390 756 nnn
409 695 544 756 tolerent.
580 694 757 773 principatus
775 693 920 754 duracinis
939 709 1015 772 qnue
1034 691 1186 752 Plinianau

166 778 320 858 Campania
338 779 484 859 appellat,
504 780 532 838 in
548 777 667 855 Bsiqicn
682 775 926 852 scrutaminis,
948 777 976 835 in
990 776 1063 854 ripis
1078 777 1167 835 etium

164 863 266 924 Rheni.
294 867 396 924 tertius
415 863 461 926 dis
477 861 559 924 coles
574 880 591 920 s
606 863 692 944 11qu
703 879 739 930 uc
756 861 869 920 nitenti
882 859 1040 938 uiridique,
1062 859 1167 919 similis

122 959 173 1012 104
183 947 445 1009 maturescentibus
458 963 583 1026 semper.
608 947 699 1004 minus
713 945 934 1024 quinquennium
947 952 993 1002 est
1003 943 1083 1022 quud
1096 961 1166 1021 prc-

166 1032 246 1091 diere
261 1047 335 1107 quse
349 1037 457 1090 uncant
473 1030 590 1104 laurus,
610 1047 668 1089 non
682 1030 812 1106 ingratus
825 1028 1037 1103 nmurimdinis,
1059 1029 1167 1088 insitae

164 1117 192 1172 in
205 1113 296 1174 lauro.
325 1123 391 1176 nunt
405 1123 434 1174 ct
446 1111 636 1175 Macedonica
650 1130 760 1192 parrae
773 1112 888 1174 urhcris
902 1129 1028 1190 ruraque
1043 1112 1100 1171 trin
1117 1131 1166 1171 nn·
1176 1128 1195 1168 u

163 1197 222 1257 hita
242 1197 431 1274 excedentis,
452 1207 481 1258 et
494 1200 605 1258 minure
622 1199 771 1257 etiamnum
791 1197 912 1272 frutice,
935 1196 1165 1256 chumascerasi.

162 1283 236 1341 inter
252 1283 342 1358 primu
358 1282 413 1342 hoc
427 1299 443 1341 e
460 1281 553 1360 pomis
569 1281 677 1341 colono
693 1282 817 1359 gratiam
836 1297 956 1340 annuam
974 1279 1077 1339 reiert
1120 1297 1165 1338 sc·
1215 1319 1216 1358 3

162 1365 326 1442 ptentricne
342 1364 513 1443 frigidisque
523 1364 641 1442 gaudet,
657 1367 783 1426 siccatur
796 1366 882 1426 etium
893 1365 958 1425 sole
968 1363 1166 1442 conditurque
1215 1387 1216 1398 ¹

164 1457 194 1508 ut
208 1447 285 1510 oliuu
302 1448 390 1509 cudis.
936 1463 942 1486 ⁸

122 1543 173 1596 105
243 1531 292 1592 26.
317 1530 401 1610 (31.)
426 1529 507 1604 Quas
525 1549 593 1592 cura
612 1541 641 1592 et
657 1534 753 1595 cornis
772 1541 859 1612 utque
875 1533 960 1592 etiam
974 1531 1100 1592 lentisco
1114 1531 1164 1590 ad·
1176 1548 1195 1586 n

163 1614 292 1691 hibetur,
319 1633 357 1674 ne
385 1615 453 1694 quid
473 1615 671 1676 condominis
695 1617 791 1676 ventri
809 1625 903 1676 natum
926 1633 994 1677 esse
1016 1614 1165 1674 ridentur!

162 1700 317 1758 miscentur
339 1717 462 1778 sapores
488 1710 517 1759 et
536 1700 595 1760 edic
614 1699 686 1761 alius
708 1700 828 1779 pinsere
850 1701 973 1777 cogitur.
1006 1699 1166 1759 miscentur

162 1800 239 1842 veru
259 1791 289 1842 et
312 1792 409 1842 terrun
430 1783 563 1862 caelique
582 1793 701 1844 tructus.
741 1785 769 1842 in
789 1783 849 1844 alic
870 1783 928 1843 cibi
947 1801 1059 1860 genere
1081 1781 1164 1843 Indis

164 1865 340 1941 advocatur,
366 1867 396 1925 in
417 1867 475 1927 utin
500 1867 668 1944 Aegyptus,
692 1865 798 1944 Creta,
830 1865 946 1943 (iurene
971 1867 1164 1948 singulaeque

163 1958 270 2008 terrae.
297 1967 353 2008 nec
369 1959 465 2010 cesset
475 1951 664 2012 innenefi'ciis
675 1954 745 2027 vitu,
760 1951 913 2012 dnmmodo
926 1952 1019 2012 omnis
1029 1951 1193 2014 devoretur

163 2031 276 2111 pluuium
293 2031 349 2098 hcc
371 2034 421 2096 det
434 2034 462 2096 in
477 2035 630 2096 herbarum
647 2045 757 2096 natura.
871 2093 872 2097 ,

122 2125 173 2182 106
240 2117 290 2178 27.
315 2119 398 2198 (32.)
422 2119 538 2180 Interim
558 2135 633 2198 quus
653 2128 719 2180 sunt
737 2122 895 2181 cummunis
916 2129 945 2180 et
961 2119 1054 2198 pernis
1075 2121 1162 2179 cnsni·

163 2201 275 2280 busque
300 2205 398 2278 sucis,
428 2219 564 2282 saporum
590 2221 701 2281 genera
728 2217 794 2266 x111
820 2205 1016 2285 reperiuntur:
1056 2203 1162 2280 dulcis,

109 2342 115 2349 .
162 2285 276 2361 suavis,
294 2287 425 2366 pinguis,
447 2304 575 2363 amerus,
604 2295 753 2364 austerus,
777 2307 862 2365 aner,
883 2297 998 2364 acutus,
1024 2287 1160 2363 acerbus,

162 2369 271 2446 acidus,
286 2371 392 2430 salsus.
417 2379 534 2450 praeter
545 2371 619 2434 h‘uec
631 2372 685 2432 triu
699 2382 763 2435 sunt
777 2369 885 2450 genera
897 2371 1019 2432 mirabili
1029 2389 1190 2432 maxumezs
1215 2395 1216 2398 ¹

161 2462 275 2514 nutura:
302 2471 386 2514 unum
406 2455 436 2514 in
458 2471 515 2534 quc
540 2456 642 2534 piures
662 2459 772 2535 pariter
791 2457 949 2518 sentiuntur
971 2471 1112 2535 sapores,
1133 2465 1162 2516 nt

119 2537 263 2598 lutrinis.
286 2555 408 2616 numque
421 2538 449 2598 in
464 2539 509 2598 his
523 2548 552 2598 st
565 2549 697 2600 austerus
711 2550 742 2602 et
755 2548 855 2602 acutus
867 2551 896 2602 nt
907 2541 998 2601 dulcis
1010 2549 1040 2600 et
1051 2541 1160 2616 sunnis,

161 2635 262 2678 omncs
278 2619 372 2680 alieni.
402 2621 522 2683 aiterum
537 2632 582 2683 est
594 2641 687 2700 genus
702 2626 730 2684 in
743 2641 800 2703 quc
815 2627 852 2686 sit
867 2635 896 2685 et
916 2625 1027 2685 niienus
1046 2625 1160 2704 quidem

161 2703 214 2763 sed
228 2710 257 2762 et
271 2721 339 2762 suus
355 2705 468 2781 quidum
483 2723 518 2767 uc
532 2707 705 2786 peculiaris,
725 2718 756 2768 ut
770 2710 802 2767 in·
817 2709 903 2770 lacte.
932 2708 1073 2788 siquidem
1087 2711 1161 2769 inest
1215 2781 1216 2786 γ

161 2788 187 2845 ei
206 2787 284 2867 quud
302 2795 399 2847 tamen
412 2790 474 2850 iure
489 2791 545 2851 dici
558 2790 644 2852 duicc
660 2802 689 2852 et
702 2794 808 2872 pingue
822 2803 854 2854 et
866 2789 956 2854 suave
973 2811 1030 2852 nnn
1046 2802 1189 2872 posseque

118 2872 324 2949 losoptinente
337 2872 455 2934 ienitate
469 2891 544 2952 quse
555 2876 619 2954 ipsa
632 2877 761 2938 succedit
774 2877 803 2936 in
814 2879 928 2956 superis
939 2878 1042 2939 viceni.
1057 2877 1160 2937 Nuiius

158 2955 205 3014 hic
225 2957 323 3034 cquis,
353 2973 391 3017 ne
409 2975 497 3018 sucus
514 2959 646 3038 quidem,
671 2969 702 3020 ut
721 2961 817 3022 tamen
837 2979 874 3021 ec
888 2963 974 3040 *ipsc
989 2961 1037 3021 fiat
1057 2962 1160 3044 aliquis

158 3057 194 3097 uc
213 3056 294 3098 sunm
313 3057 407 3116 genus
427 3041 525 3101 faciut.
553 3043 652 3103 sentiri
675 3045 789 3123 quidem
810 3063 902 3124 uqunc
922 3063 1058 3126 saporem
1073 3046 1159 3105 nilum

159 3139 294 3183 sucumve
309 3125 407 3185 uitium
421 3131 476 3184 est.
498 3141 630 3203 magnum
641 3127 686 3186 his
699 3128 830 3189 omnihus
841 3131 870 3188 in
883 3127 976 3190 odore
986 3139 1159 3189 momentum
1214 3175 1216 3184 ,

158 3215 187 3264 et
195 3223 297 3282 magns
310 3209 457 3285 cognatio,
473 3207 520 3286 qui
534 3219 564 3269 et
578 3211 641 3288 ipse
653 3211 747 3272 nuilus
756 3221 801 3273 est
815 3209 897 3292 equis
913 3223 971 3290 aut,
987 3215 1011 3273 si
1026 3217 1155 3289 sentitur,
1164 3227 1185 3267 ³⁵

136 3290 271 3348 -omninc
294 3291 393 3350 vitium
411 3301 467 3352 est.
500 3293 601 3370 mirum
623 3296 677 3355 tria
698 3306 816 3358 naturae
836 3300 994 3378 praecipua
1015 3298 1157 3359 elementa

159 3370 220 3426 sinn
235 3387 341 3448 sapore
357 3391 441 3448 esse,
461 3373 647 3452 sinendum,
663 3380 724 3439 sine
740 3397 829 3456 succ,
847 3395 959 3460 aquam,
977 3397 1056 3458 acra,
1074 3383 1153 3458 ignis.

14 3535 18 3540 .
39 3545 41 3551 Ι
115 3457 167 3509 109
229 3451 278 3511 28.
301 3451 385 3533 (33.)
408 3455 490 3534 Ergo
504 3473 637 3518 sucorum
653 3463 746 3522 vinosi
762 3467 844 3544 piro,
864 3482 964 3542 moro,
979 3467 1154 3543 murtoqmi·
