2444 3908
80 130 84 139 ¹
159 155 219 218 102
269 147 272 154 ’
498 165 808 214 c.enru1sncuun1

153 321 259 384 tabulis
281 341 315 382 ac
336 338 490 381 numeroso
514 331 595 381 suctu
610 319 711 408 trahit,
729 339 792 380 curn
821 321 849 378 in
868 319 1024 396 naufragos
1042 321 1159 384 urinan-

153 407 227 466 tisve
244 407 378 485 impetum
397 406 482 483 cepit.
514 395 566 464 sed
583 407 607 464 si
625 406 798 486 invertatur,
817 403 998 480 elanguescit
1013 404 1068 462 vis.
1108 423 1159 466 ex·

153 493 303 570 porrigunt
319 492 393 550 enim
409 508 442 548 se
458 489 624 568 resupinati.
657 497 754 548 cetera
781 505 855 566 quae
873 489 950 546 idem
964 487 1065 548 retulit
1077 507 1158 550 mon·

111 585 145 640 92
157 586 216 637 stro
243 577 381 655 propiora
398 583 521 652 possunt
543 573 646 632 videri.
681 570 816 632 Carteiae
831 574 860 630 in
882 573 998 630 cetariis
1019 571 1159 634 adsuetus

155 661 235 726 exire
252 661 353 719 emari
368 661 396 717 in
414 657 495 718 lacus
514 674 613 716 eorum
627 664 746 734 apertos
761 666 847 735 atque
862 655 902 714 ibi
914 656 1093 716 salsamenta
1105 676 1182 738 pos

154 744 258 823 pulani,
270 779 311 787 -
322 743 394 801 mire
412 741 543 801 omnibus
558 741 673 801 marinis
686 739 890 818 expetentibus
907 740 1027 800 odorem
1039 758 1160 821 qnoque

154 846 263 903 eorum,
281 845 337 904 qua
353 825 389 884 de
404 844 492 886 causa
509 834 537 884 et
551 826 643 886 nassis
664 826 771 886 muriae
788 825 952 900 inlinuntur,
972 855 1009 867 -
1033 842 1158 886 conver·

153 913 186 971 tit
201 913 230 972 in
247 927 279 970 se
301 910 452 969 custodum
477 910 702 986 indignationem
723 907 895 969 adsiduitate
919 909 987 968 furti
1011 910 1157 970 inmodici.

152 1013 260 1074 saepes
276 1002 358 1053 erant
372 993 526 1068 obiectae,
549 993 601 1053 sed
616 993 667 1054 bas
690 991 915 1054 transcendebat
937 1011 990 1072 per
1008 992 1157 1068 arborem,

153 1083 215 1140 nec·
226 1076 406 1156 deprehendi
427 1080 520 1156 potuit
538 1079 600 1138 uisi
624 1095 722 1138 canum
744 1077 913 1154 sagacitate.
942 1076 972 1136 lri
985 1077 1188 1138 redeuntemn

153 1163 366 1222 circumvasere
388 1171 492 1238 noctu,
521 1163 686 1242 concitique
714 1161 851 1222 custodes
875 1179 1023 1240 expavere
1047 1165 1159 1222 novita-

153 1256 220 1306 tem.
249 1247 370 1326 primum
391 1247 514 1324 omniurn
535 1246 700 1324 magnitudo
712 1246 837 1306 inaudita
849 1255 920 1306 erat.
952 1244 1058 1306 deinde
1076 1248 1159 1308 color

153 1332 244 1391 muria
266 1330 348 1390 obliti
370 1330 461 1390 odore
484 1332 547 1391 diri.
580 1334 643 1408 quis
664 1329 703 1390 ibi
726 1329 864 1410 polypum
888 1339 1095 1408 exspectasset
1113 1339 1160 1392 ant

153 1419 194 1477 ita
210 1413 427 1493 cognosceret?
444 1434 508 1474 cum
522 1425 649 1474 monstro
666 1415 802 1475 dimicare
818 1412 873 1472 ribi
884 1413 1065 1473 videbantur.
1083 1433 1157 1475 nam·

155 1519 212 1578 que
228 1510 258 1559 et
272 1499 379 1560 adflatu
398 1499 521 1559 terribili
541 1517 629 1559 canes
644 1497 759 1574 agebat,
781 1516 857 1557 nuuc
875 1499 1012 1558 extremis
1030 1500 1157 1558 crinibus
1165 1512 1186 1552 rs

155 1583 335 1659 flagellatos,
358 1600 433 1641 nunc
452 1582 663 1642 robustioribus
686 1581 830 1642 bracchiis
853 1581 999 1642 clavarum
1012 1583 1101 1642 modo
1121 1585 1158 1642 in·

112 1675 278 1740 accessos,
307 1683 457 1744 aegreque
484 1666 580 1725 multis
601 1664 769 1726 tridentibus
799 1665 903 1725 conlisi
928 1665 1030 1744 potuit.
1061 1676 1158 1726 osten·

157 1751 227 1810 dere
242 1747 363 1809 Lucullo
379 1758 466 1826 caput
486 1750 548 1808 eius
569 1749 628 1809 doli
646 1749 838 1825 magnitudine
853 1749 1055 1828 amphorarum
1080 1753 1158 1830 quiu-

155 1833 250 1894 decim
278 1851 372 1910 capax
394 1842 492 1911 atque,
510 1842 539 1892 ut
565 1834 655 1912 ipsius
681 1831 769 1893 Trebi
794 1833 892 1894 verbis
917 1843 996 1910 utar,
1018 1833 1159 1895 barbas

99 1963 102 1969 .
138 1935 248 1996 -qnas
269 1918 330 1974 vix
353 1926 514 1995 utroque
537 1916 715 1976 bracchio
739 1919 936 1996 conplecti
959 1928 1066 1977 esset
1089 1919 1187 1978 cta-u

155 2000 1158 2079 varummodotorosas‚longaspedumtricenum,ace·

156 2084 302 2144 tabulis
326 2086 410 2146 sive
432 2085 610 2146 caliculis
632 2085 828 2145 urnalibus
852 2087 1014 2164 pelvium
1042 2088 1157 2163 modo,

156 2169 280 2229 dentis
302 2170 550 2248 magnitudini
579 2170 854 2247 respondentis.
888 2171 1029 2250 reliquiae
1058 2171 1158 2248 adser-

154 2265 239 2314 vatae
254 2255 394 2316 miraculo
417 2255 586 2334 pependere
610 2253 706 2332 pondo
734 2266 811 2313 Dee.
843 2255 964 2334 Saepias
987 2273 1107 2334 quoque
1132 2263 1158 2314 et

156 2339 303 2416 lolligines
326 2337 457 2400 eiusdem
476 2338 676 2416 magnitudinis
698 2337 835 2416 expulsas
857 2339 885 2398 in
907 2339 972 2398 litus
996 2337 1067 2398 illud
1084 2339 1186 2402 idernas

155 2433 256 2482 auctor
272 2433 325 2482 est.
357 2425 385 2481 in
411 2432 511 2481 nostro
531 2424 602 2482 mari
625 2423 908 2501 lolligines.quinum
925 2423 1089 2483 cubitorum
1111 2441 1156 2484 ca·

156 2507 280 2582 piuntur,
298 2507 416 2582 saepiae
432 2505 536 2564 binum.
559 2523 653 2583 neque
670 2506 714 2564 his
729 2505 834 2566 bimatu
850 2507 965 2583 longior
982 2509 1050 2566 vita.

114 2595 148 2649 94
223 2586 306 2667 (49.)
335 2587 511 2664 Navigeram
532 2589 741 2648 similitudinem
768 2600 797 2648 et
823 2591 907 2651 aliam
929 2593 958 2650 in
979 2589 1158 2669 Propontide

156 2668 247 2730 visam
258 2670 313 2730 sibi
335 2669 461 2748 prodidit
476 2671 629 2732 blutianus:
655 2667 793 2735 concham
816 2695 882 2735 esse
902 2669 987 2734 acatii
1000 2675 1089 2734 rnodo
1111 2693 1157 2736 ca·

155 2754 292 2830 cinctam,
315 2755 420 2815 inllexa
437 2775 552 2836 puppe,
574 2774 661 2835 prora
688 2768 822 2819 rostrata.
856 2762 885 2818 in
908 2759 963 2818 hac
983 2761 1068 2820 condi
1088 2775 1188 2820 nau-st

155 2838 261 2918 plium‚
284 2840 387 2899 animal
404 2841 648 2919 saepiae.„.simile,
671 2841 788 2903 ludendi
808 2843 949 2902 societate
976 2843 1050 2902 sola.
1088 2845 1158 2912 duo·

154 2923 210 2983 bus
225 2923 283 2982 hoc
305 2923 368 2982 lreri
388 2924 555 3000 generibus.
586 2925 738 3004 tranquillo
764 2929 838 2986 enim
854 2937 1005 2986 vectorem
1024 2927 1158 2988 demissis

155 3007 288 3086 palmulis
305 3007 394 3068 lerire
410 3017 440 3067 ut
455 3011 552 3084 remis,
570 3011 682 3069 sivero
700 3010 782 3092 llatus
799 3012 910 3087 invitet,
927 3011 1045 3072 easdem
1059 3013 1090 3070 in
1108 3029 1160 3072 usu

154 3091 344 3175 gubernaculi
366 3094 476 3170 porrigi
495 3095 641 3172 pandique
663 3093 816 3155 buccarum
839 3091 918 3156 sinus
942 3114 1039 3171 aurae.
1075 3095 1159 3156 huius

154 3176 332 3255 voluptatem
353 3195 420 3235 esse
442 3185 472 3236 ut
487 3178 578 3253 ierat,
604 3179 679 3239 illius
697 3189 726 3238 nt
747 3189 845 3255 regat,
869 3179 1012 3258 simulque
1030 3199 1095 3240 eam
1110 3181 1188 3244 ‹te-s

106 3265 108 3270 ’
156 3260 299 3320 scendere
319 3261 349 3320 in
369 3259 425 3319 duo
444 3279 531 3321 sensu
550 3263 693 3338 carentia,
715 3264 777 3335 nisi
790 3263 867 3323 forte
883 3263 956 3323 tristi
973 3299 1014 3312 —
1036 3264 1065 3323 id
1083 3266 1159 3324 enim

157 3353 268 3402 constat
283 3379 324 3390 —
339 3346 433 3404 omine
450 3345 642 3422 navigantium
658 3346 777 3406 bumana
791 3348 937 3408 calamitas
954 3349 983 3407 in
1001 3357 1157 3408 causaest.

96 3428 147 3485 '95
217 3427 299 3506 (50.)
322 3427 464 3514 Locustae
480 3440 574 3490 crusta
588 3430 684 3506 fragili
694 3433 854 3492 muniuntur
866 3433 894 3492 in
909 3449 945 3491 eo
954 3451 1066 3510 genere
1080 3431 1159 3514 quod
