2462 3900
176 173 237 238 aba
393 213 396 221 λ
522 187 902 239 oecumenicorum*

174 340 284 404 ouem
296 351 411 422 atquae
422 343 451 404 in
461 343 557 406 rhais
566 341 751 421 arbustisque
764 341 1066 410 amnuntiandum
1079 354 1113 404 et
1124 346 1183 408 alia

171 444 212 486 ex
232 427 336 488 vicinia
355 425 452 503 urbm,
475 426 642 502 Veliterna,
666 426 853 491 Privernatis.
884 445 948 491 naar
963 428 1041 506 quod
1057 429 1201 506 Signiae¹

131 557 137 575 ,
174 512 299 574 nascitur
320 513 489 574 austeritate
510 513 596 572 nimia
611 511 801 574 continendae
824 513 897 574 utile
912 512 981 574 alro
996 514 1071 573 inter
1086 516 1180 576 medi-

60 671 69 680 ⁶
130 601 166 660 16
176 594 285 658 camina
300 604 474 658 numeratur.
502 597 555 676 {a}
587 594 726 668 Quartum
744 597 916 658 curriculum·
932 595 1058 675 publicis
1078 599 1180 676 epulis

174 680 326 757 optinuere
341 697 358 740 a
373 680 440 742 divo
455 679 529 742 lulio
547 680 627 740 -ts
643 680 718 740 enim
732 682 839 758 prmus
855 681 1055 744 auctoritatem
1065 681 1117 742 luis
1130 685 1199 742 tris

170 762 248 840 buit,
265 773 294 826 ut
309 763 441 842 epistulis
459 765 523 826 eius
541 764 662 842 adparet
681 795 724 808 ··-
737 763 904 828 llamertim
918 766 997 827 circa
1010 763 1179 826 blessanan

171 848 200 908 in
215 848 314 908 Sicilia
325 849 433 924 perdta
450 866 488 910 en
502 847 547 908 his
559 847 698 910 Potulana
712 847 749 908 ab
761 857 883 908 auctore
895 848 980 910 diota.
993 848 1048 908 illo
1065 867 1176 927 cogno·

102 931 106 938 “
171 929 905 1094 titt,tzittalzlttditttitaliis
919 931 1178 1095 „illitati

127 1104 294 1178 utrumque
309 1097 440 1160 subditis.
464 1100 516 1179 [5.]
540 1097 585 1162 Ex
600 1099 720 1178 reliquis
734 1108 830 1160 autem
845 1117 862 1162 a
879 1117 985 1178 supero
1000 1103 1072 1160 mari
1087 1100 1203 1162 Prae-o

171 1183 241 1242 tutia
263 1191 349 1260 atque
369 1183 491 1246 snmus
518 1185 682 1258 nascentia,
711 1192 741 1242 et
761 1201 836 1261 qnae
857 1203 874 1246 a
894 1183 989 1263 palma
1017 1201 1074 1246 una
1101 1185 1177 1246 lurte

173 1275 258 1326 enata
283 1266 442 1345 palmensia
464 1268 672 1346 appellavere,
694 1269 722 1332 iu
745 1265 958 1330 mediterraneo
973 1285 1047 1328 vero
1065 1265 1175 1328 Caese-

170 1351 248 1410 natia
268 1366 303 1412 ac
317 1349 549 1428 Maecenatiana,
569 1353 600 1412 iu
614 1351 787 1414 veroniensi
809 1352 876 1412 item
890 1351 1011 1414 Raetiae
1041 1349 1175 1412 Falernis

170 1443 277 1494 murm
301 1437 428 1513 postlata
447 1454 465 1496 a
486 1435 638 1513 Vergilio,
659 1452 729 1496 mex
750 1433 786 1496 ab
807 1437 913 1498 intorno
936 1436 999 1502 alcu
1014 1438 1106 1497 utaris
1122 1436 1174 1496 lla

172 1517 283 1593 imaus,
298 1518 334 1580 ab
349 1519 443 1586 iniero
455 1529 551 1580 auteur
565 1519 748 1595 Latiniensia,
762 1518 953 1594 Graviseaua,
966 1521 1173 1580 Statoniensia.
1183 1536 1201 1579 o

128 1599 306 1666 68Etrurine
325 1602 403 1666 Luna
424 1603 548 1682 palmam
569 1603 675 1683 habet,
697 1601 832 1680 Liguriae
846 1603 955 1667 Genua.
990 1601 1072 1664 Inter
1087 1603 1175 1678 Pyre

170 1703 273 1746 nasum
286 1685 430 1766 Alpisque
445 1687 573 1750 blassilia
588 1689 846 1766 pembrosapore,
862 1683 976 1766 quaudo
988 1695 1019 1746 et
1033 1687 1175 1748 condien-

167 1768 215 1828 dis
227 1768 291 1828 aliis
304 1771 438 1846 pinguius
449 1773 541 1848 gignit
555 1773 632 1850 quod
644 1781 731 1832 vocat
740 1789 886 1832 sueonum.
904 1771 1093 1832 beterraruun
1101 1773 1175 1832 intra

169 1849 278 1912 Gallias
295 1855 425 1914 consistit
442 1856 610 1917 auctoritas.
641 1856 678 1916 de
693 1855 813 1935 reliquis
827 1857 856 1916 in
866 1854 1050 1917 Narbonensi
1068 1856 1174 1930 genitis

170 1933 346 1996 adseverare
359 1953 416 1998 uon
428 1947 484 2014 est,
494 1940 627 2017 quoniam
639 1939 783 2002 cilicinam
795 1941 857 2000 eius
867 1941 913 2002 rai
924 1939 1026 2000 iecere
1040 1938 1201 2015 tinguere-s

170 2026 216 2078 tes
231 2018 326 2095 inmo,
343 2021 508 2100 utinamque
529 2039 587 2084 non
605 2033 634 2084 et
648 2023 747 2084 herbis
762 2041 798 2084 ac
813 2021 1050 2086 medicaminibus
1066 2023 1173 2084 nemis

170 2103 281 2183 quippe
301 2107 386 2166 etiam
404 2107 473 2170 aloe
490 2117 635 2170 mercator
650 2125 786 2185 saporem
808 2107 996 2185 coloremque
1016 2105 1172 2166 adulterat

128 2195 163 2253 69
173 2187 227 2267 [el
251 2188 359 2250 Verum
373 2200 403 2251 st
419 2192 621 2271 longinquiora
637 2190 738 2253 ltaliae
759 2191 796 2254 ab
811 2191 942 2253 Lucumo
958 2191 1029 2258 mari
1051 2207 1114 2250 non
1128 2207 1172 2250 ca

168 2282 233 2332 rent
254 2275 365 2351 gloria,
388 2275 542 2337 Tarentina
559 2285 589 2336 et
604 2277 765 2338 Serviliana
786 2285 817 2336 et
833 2273 1007 2336 Consentiae
1023 2276 1126 2350 penita
1148 2281 1173 2332 et

170 2355 313 2436 Tempsae
326 2377 360 2420 ac
375 2358 484 2422 Babiac
496 2359 669 2438 Lucanaque
683 2359 921 2422 antecedentibus
934 2357 1088 2418 Thurinis·
1116 2371 1199 2420 out-a

141 2491 146 2500 x
168 2443 244 2500 nium
265 2459 337 2502 vero
360 2460 460 2504 eornm
480 2461 612 2505 maxum
633 2443 783 2506 inlustrata
803 2442 946 2506 blessnlae
968 2441 1055 2502 Potiti
1079 2440 1175 2504 salute.

169 2522 326 2600 Lagarina,
349 2543 407 2586 non
421 2528 525 2604 procul
543 2526 698 2588 linamento
719 2529 876 2590 nascentia.
908 2523 1066 2602 Campania
1080 2541 1172 2602 nuper
1197 2546 1201 2560 ¹

169 2609 306 2668 excitarit
317 2611 401 2668 nouis
416 2611 578 2672 nominibus
593 2612 793 2672 auctoritatem
808 2613 872 2671 sive
887 2627 956 2672 cura
973 2609 1035 2670 sive
1051 2627 1124 2668 casu
1139 2605 1171 2666 ad

167 2699 299 2768 quartum
317 2709 334 2751 a
356 2691 482 2773 Neapoli
504 2695 629 2772 lapidem
645 2694 835 2769 Trebellicis,
858 2695 936 2756 iuxta
953 2691 1082 2770 Capuam
1100 2689 1170 2750 Gau·

168 2773 250 2849 linis,
264 2775 332 2834 etin
345 2793 398 2837 nno
413 2795 485 2854 agro
501 2777 683 2856 Trebulanis,
701 2778 808 2857 alioqui
824 2795 941 2855 semper
955 2777 1030 2836 luter
1042 2775 1198 2853 plebeique
1225 2781 1227 2786 ’

125 2865 199 2923 loct
215 2857 364 2922 Trifolinis
384 2861 519 2937 gloriata.
551 2881 615 2924 nam
630 2863 814 2941 Pompeianis
836 2877 974 2924 summum
994 2859 1102 2920 decem
1125 2875 1171 2919 au·

168 2959 270 3004 norum
296 2947 502 3006 incrementum
530 2957 592 3022 est,
618 2947 687 3008 nibil
708 2955 828 3008 senecta
852 2945 1032 3006 conferente.
1065 2943 1172 3003 dolere

169 3029 254 3088 etiam
270 3029 396 3108 capitum
411 3031 439 3088 in
455 3039 569 3092 sextam
583 3031 683 3092 boram
701 3031 763 3092 diei.
779 3031 928 3108 sequentis
944 3027 1049 3090 infesta
1065 3015 1172 3104 ‹lepre-

166 3111 339 3174 lnenduntur.
380 3112 493 3188 Quibus
519 3115 678 3194 exemplis,
712 3117 767 3174 nisi
793 3111 896 3189 fallor,
920 3111 1103 3175 manifestum
1130 3117 1173 3171 est

98 3260 102 3266 ,
167 3197 289 3274 patriam
303 3205 468 3275 moramque
486 3199 616 3274 referre,
640 3215 814 3273 uenturam,
833 3207 867 3262 et
889 3211 1101 3274 superuacuam
1119 3207 1197 3270 ge-nt

36 3321 38 3326 -
168 3294 269 3342 nerum
291 3283 589 3362 consectationem-'in
612 3301 776 3358 nnmerum,
800 3300 864 3344 cnm
886 3281 988 3342 eadem
1011 3279 1078 3338 vitis
1094 3276 1171 3336 alind

127 3369 161 3426 71
175 3364 237 3424 aliis
252 3367 280 3424 iu
298 3365 372 3426 lucis
394 3366 515 3444 polleat.
543 3365 743 3445 Hispaniarum
758 3367 896 3431 Laletana
917 3364 1001 3442 copia
1017 3360 1170 3422 nobilitare

171 3453 230 3523 tur,
253 3448 397 3524 elegantia
412 3469 484 3511 vero
500 3449 729 3520 Tarraconensia
752 3460 839 3529 atque
852 3447 1048 3515 Lauronensia
1069 3453 1101 3502 et
1118 3443 1170 3504 Ba·
