2444 3908
282 209 361 255 ιιιι.
377 205 467 254 meu.
483 196 854 286 vu1.at-ac.(34-ce)
1026 202 1067 263 59

28 361 313 444 praedivinatione
330 362 451 440 quadam
461 361 495 420 ad
508 378 592 440 quera
605 378 713 420 summo
727 372 811 422 auctu
825 382 860 424 eo
877 383 950 426 auno
965 384 1065 442 egres·

31 465 138 506 surus
159 456 210 506 est
225 445 317 506 Nilus.
348 464 404 505 nec
421 444 496 504 aliud
513 445 614 504 animal
629 464 666 504 ex
679 448 789 506 minore
806 451 917 526 origiue
934 451 962 509 iu
976 453 1065 512 maio·

32 547 110 592 rem
138 531 256 590 crescit
280 529 510 606 magnitudinem.
547 538 576 588 et
597 529 738 608 unguibus
761 541 855 592 autem
876 543 1000 598 armatus
1021 544 1088 608 est
1124 529 1134 540 ‘

35 617 275 676 contra'omnis
291 617 365 674 ictus
382 623 448 673 cute
463 615 577 672 invicta.
602 614 667 673 dies
687 616 716 676 iu
739 625 816 676 terra
832 619 910 694 agit,
927 621 1021 678 noctis
1037 622 1065 679 iu

16 718 142 780 taqua,
162 700 279 777 teporis
297 707 449 776 utrumque
464 699 586 760 ratione.
616 698 692 758 hunc
713 709 839 760 saturum
862 700 927 761 cibo
944 703 1108 780 piscium9o

38 795 74 845 et
93 800 230 862 semper
247 783 401 842 esculento‘
422 799 473 842 ore
496 785 524 841 in
538 783 624 842 litore
645 799 746 843 somno
769 783 864 846 datum
887 803 975 864 parva
992 789 1064 862 avis,

41 888 130 950 quae
149 868 296 928 trochilos
312 867 352 926 ibi
365 875 495 942 vocatur,
507 885 561 926 rex
576 868 668 927 adum
680 870 709 931 in
723 867 836 944 ltalia,
828 871 927 929 invitat
942 871 977 930 ad
986 870 1064 930 hian-

42 955 119 1014 dum
144 952 249 1038 pabuli
272 953 316 1010 sui
330 953 438 1029 gratia,
464 968 497 1010 os
520 953 638 1029 primum
659 953 721 1011 eius
736 953 869 1014 adsultim
891 971 1064 1032 repurgans,

43 1057 122 1098 mox
141 1025 241 1097 dentis
259 1045 288 1095 et
302 1038 377 1095 intus
393 1036 485 1094 laucis
502 1052 617 1134 quoque
629 1036 665 1096 ad
681 1036 754 1096 hanc
777 1038 916 1098 scabendi
938 1037 1064 1100 dulcedi·

16 1141 119 1184 onem
139 1138 230 1199 quam
245 1137 375 1181 maxume
391 1120 531 1196 hiantis,
523 1138 551 1179 ιιι
567 1137 623 1197 qua
639 1120 790 1199 voluptate
811 1137 912 1182 sonmo
932 1139 1065 1200 pressum

48 1209 251 1305 conspicatus
273 1205 445 1266 ichneumon
466 1223 521 1282 per
543 1204 661 1264 easdem
681 1203 774 1264 laucis
793 1213 823 1264 ut
843 1207 932 1266 telum
947 1205 1064 1302 aliquod

49 1293 196 1350 inmissus
214 1290 307 1350 erodit
322 1290 426 1351 alvom

41 1379 45 1390 '
122 1373 212 1454 (38)
237 1373 343 1434 Similis
357 1372 517 1447 crocodilo,
531 1371 583 1433 sed
599 1373 691 1430 minor
706 1373 791 1432 etiam
804 1372 1005 1450 ichneumone,
1019 1382 1063 1434 est
1072 1384 1104 1437 91

52 1459 84 1518 in
109 1457 183 1518 Nilo
204 1467 287 1517 uatus
312 1459 444 1532 scinccs,
470 1465 570 1516 contra
590 1474 702 1516 venena
725 1458 898 1556 praecipuus
917 1447 1063 1533 inchoris,

17 1561 44 1604 ιι
53 1545 126 1603 rtem
143 1543 182 1602 ad
197 1541 423 1602 inflammandam
438 1543 564 1600 virorum
579 1559 726 1600 venerem.
753 1560 853 1600 uerum
868 1544 896 1601 iu
913 1542 1063 1602 crocodilo

54 1629 153 1687 maior
169 1636 232 1686 erat
253 1627 345 1705 pestis
363 1643 448 1704 quam
461 1634 492 1684 ut
514 1642 570 1684 unc
587 1635 666 1685 esset
689 1626 752 1684 eius
775 1625 860 1685 hoste
878 1635 977 1686 natura
994 1643 1062 1686 con-

56 1721 150 1771 tenta.
183 1712 281 1789 itaque
299 1719 328 1769 ιι
343 1709 471 1787 delphini
485 1711 645 1770 inmeantes
656 1707 735 1784 Nilo,
753 1727 873 1788 quorum
888 1711 976 1771 dorso
992 1719 1070 1770 tam·-

59 1814 148 1874 quam
162 1795 286 1855 adhunc
300 1813 382 1853 usum
393 1794 541 1864 cultellata
552 1796 627 1854 inest
639 1795 736 1872 pinna,
749 1794 901 1870 abigentes
914 1812 966 1854 eos
978 1813 1061 1874 prae-

61 1875 129 1941 dam'
145 1898 181 1938 ac
193 1879 274 1938 velut
288 1879 316 1938 in
334 1895 385 1938 suo
401 1887 508 1938 tantum
527 1896 609 1938 amne
624 1879 782 1956 regnantis,
804 1879 931 1958 alioquin
946 1881 1062 1958 inpares

26 1984 53 2025 ιι
60 1963 171 2023 viribus
187 1965 243 2042 ipsi
265 1972 327 2022 astu
349 1964 519 2023 interimunt.
551 1963 659 2044 callent
674 1965 749 2023 euim
769 1963 797 2021 iu
812 1963 869 2024 hoc
886 1973 988 2027 cuncta
1004 1965 1062 2024 ani·

63 2048 158 2122 malin,
176 2049 327 2126 sciuntque
343 2059 412 2107 nou
421 2067 473 2109 sua
488 2049 574 2108 modo
596 2047 747 2107 commoda
769 2065 869 2108 verum
891 2058 920 2107 et
939 2048 1063 2107 hostium

65 2133 198 2207 adversa,
214 2141 318 2190 norunt
333 2149 383 2191 sua
400 2133 475 2206 tela,
491 2142 595 2191 norunt
615 2133 787 2190 occasiones
810 2133 958 2218 partisque
978 2132 1061 2191 dissi-

67 2216 190 2279 dentium
205 2215 330 2275 inbellis.
354 2217 382 2273 in
398 2225 499 2274 ventre
518 2214 613 2274 mollis
630 2224 674 2273 est
691 2217 844 2290 tenuisque
870 2217 943 2274 cutis
958 2233 1061 2274 croco·

68 2300 134 2360 dilo
163 2299 228 2359 ideo
241 2318 275 2359 se
291 2310 321 2359 ut
335 2301 427 2382 territi
441 2307 573 2375 mergunt
588 2298 715 2376 delphini
732 2297 947 2386 subeuntesque
966 2299 1061 2358 alvom

36 2384 118 2444 cailla
134 2393 231 2444 secant
249 2386 340 2462 spina
374 2375 440 2460 quin
461 2393 489 2442 ιι
504 2401 577 2459 gens
592 2381 735 2440 hominum
752 2392 797 2441 est
813 2373 880 2442 huic
892 2382 996 2442 beluae
1009 2383 1057 2444 ad·
1070 2393 1103 2446 92

70 2485 152 2527 versa
166 2470 193 2527 in
210 2471 274 2546 ipso
290 2466 357 2526 Nilo
374 2485 390 2526 a
405 2462 524 2542 Tentyri
539 2468 659 2526 insula
651 2485 679 2525 ιιι
701 2483 756 2544 qua
771 2466 880 2527 habitat
903 2466 1060 2546 appellata

72 2571 197 2612 mensura
219 2570 318 2612 eorum
333 2569 438 2629 parva,
463 2551 516 2610 sed
537 2552 702 2651 praesentia
723 2551 807 2611 animi
825 2553 852 2609 in
875 2551 931 2610 hoc
954 2561 1060 2611 tantum

73 2655 122 2696 usu
137 2638 212 2695 mira.
229 2631 366 2696 terribilis
379 2635 454 2696 haec
466 2644 565 2695 contra
576 2635 713 2712 fugientis
725 2634 811 2695 belua
823 2644 868 2708 cst
870 2635 980 2712 ,lugan
993 2653 1060 2696 cou-

73 2729 113 2780 ιιι
128 2723 278 2800 sequentis.
309 2721 484 2780 adversum
476 2739 519 2780 ιιι
536 2721 590 2780 soli
605 2721 634 2780 hi
650 2719 765 2795 audent,
789 2720 837 2797 qui
853 2729 881 2778 ιι
893 2720 1025 2778 flumini'
1016 2739 1057 2780 ιιι·
1068 2728 1103 2782 93

44 2814 175 2880 conatam,
196 2805 343 2903 dorsoque
367 2783 552 2883 equitantium
577 2805 663 2864 modo
684 2804 800 2881 inpositi
817 2803 960 2864 hiantibus
980 2822 1060 2864 resu-

74 2891 136 2968 pino
153 2889 241 2966 capite
257 2889 293 2949 ad
308 2905 433 2948 morsum
449 2889 575 2948 addita'
567 2908 596 2947 ιιι
610 2907 644 2948 es
660 2889 753 2962 clava,
770 2905 787 2947 a
804 2887 904 2948 dextra
924 2905 958 2947 ac
976 2888 1060 2946 laeva
1204 2949 1205 2957 ,

75 2983 198 3033 tenentes
221 2983 350 3033 extrema
375 2974 437 3033 eius
457 2975 616 3051 utrimque,
639 2981 670 3030 ut
690 2971 812 3030 irenis'
804 2991 832 3031 ιιι
847 2982 952 3032 terram
973 2979 1060 3046 agunt
1091 2999 1096 3009 τ
1204 3045 1205 3053 ¹

78 3059 205 3136 captivos,
221 3076 256 3118 ac
270 3075 346 3117 voce
364 3060 449 3117 etiam
464 3057 527 3116 sola
550 3058 666 3115 territos
682 3064 789 3134 coguut
805 3073 942 3116 evomere
958 3072 1058 3114 receu-

78 3143 113 3200 ιιι
131 3159 246 3220 corpora
269 3142 304 3209 ad
326 3142 523 3220 sepulturam.¹
544 3143 641 3219 itaque
663 3141 710 3200 uni
733 3141 760 3198 ei
784 3140 894 3200 insulae
918 3137 1060 3199 crocodili

50 3239 129 3284 cnon
142 3226 252 3302 adnant,
270 3226 437 3303 olfactuque
453 3227 515 3284 eius
530 3226 652 3301 generis
668 3225 828 3299 homiuum,
853 3232 883 3282 ut
898 3221 1060 3296 Psyllorum

81 3319 232 3388 serpentes,
264 3310 408 3387 fugantur.
453 3306 582 3368 Hebetes
608 3310 711 3370 oculos
737 3308 794 3368 hoc
822 3306 924 3366 animal
954 3306 1103 3371 dicitur94

80 3394 173 3454 habere
199 3397 225 3453 in
251 3413 340 3473 aqua,
373 3402 454 3454 extra
485 3395 616 3455 acerrimi
642 3397 737 3469 visus,
765 3400 957 3471 quattuorque
982 3409 1060 3450 meu·

82 3478 226 3538 sesbiemis
252 3497 369 3558 semper
388 3479 482 3539 inedia
496 3480 655 3539 tramittere
681 3479 711 3537 in
736 3493 837 3556 specu.
869 3474 982 3555 quidam
1001 3475 1060 3536 hoc
