2444 3908
262 215 342 262 unu.
359 215 449 262 ιιιιι.
467 215 541 263 vrrs.
563 211 682 266 ιι-ιι.
701 198 858 286 (ιιι-ιιι
892 241 894 258 ·
1010 191 1054 264 ct

21 371 144 431 latera
160 369 257 428 ventri
271 370 424 446 iunguntur
439 379 468 428 ut
481 339 620 448 piscibus,
645 378 673 429 et
689 371 770 447 spina
786 369 870 428 simili
883 371 969 430 modo
986 372 1053 430 emi·

24 463 103 514 net.
137 463 277 527 rostrum,
293 462 324 511 ut
339 454 366 512 in
380 471 482 531 parvo,
500 453 567 512 haut
580 451 711 514 absimile
730 451 826 526 suillo,
848 453 938 513 cauda
955 465 1095 532 prae-121
1137 472 1140 484 ·

24 539 139 614 longa
158 541 189 597 in
204 538 368 596 tenuitatem
385 537 530 632 desiqens,
551 537 691 614 inplicans
714 555 746 596 se
763 537 902 614 viperinis
924 537 1052 614 orbibus,
1075 594 1077 599 .

27 639 168 698 ungues
183 621 295 696 adunci,
325 629 419 679 motus
435 621 543 680 tardior
567 629 597 679 ιι
616 621 766 695 testudini,
790 627 896 698 corpus
920 625 1054 699 asperum

8 720 15 760 t
33 725 103 766 ceu
123 705 291 779 crocodilo,
308 704 385 764 oculi
398 707 428 763 in
442 715 562 764 recessu
581 721 664 780 cavo,
677 706 766 763 tenui
783 703 947 764 discrimine
968 723 1052 783 prae·

31 790 184 867 grandes
203 796 236 848 et
257 789 376 866 ¹corpori
398 789 581 848 concolores.
617 803 767 866 numquam
789 790 843 847 eos'
865 790 976 867 operit,
993 792 1054 849 'nec

31 871 186 952 pupillae
197 881 273 931 motu
289 872 341 930 sed
353 875 440 931 totius
454 873 530 932 oculi
539 875 704 932 versatione
713 873 953 950 circumadspicit.
972 875 1096 951 ipsam

36 957 156 1014 celsus
175 955 261 1015 hianti
276 972 393 1034 semper
409 973 460 1016 ore
477 956 557 1016 solus
572 958 732 1016 animalium
754 975 809 1016 nec
831 956 897 1015 cibo
913 975 968 1016 nec
984 967 1053 1035 potu

35 1039 138 1099 alitur
154 1057 210 1099 nec
226 1040 283 1100 alio
300 1057 382 1118 quam
398 1042 472 1100 aeris
490 1041 635 1115 alimento,
652 1043 728 1100 circa
741 1041 894 1119 caprificos
910 1041 999 1114 ierus,
1012 1045 1052 1101 in·

8 1143 28 1184 ,ι
39 1125 161 1182 noxius
186 1124 304 1202 alioqui.
334 1132 363 1182 et
385 1124 492 1183 coloris
514 1134 612 1184 natura
634 1124 798 1198 mirabilior.
828 1129 1053 1204 mutatnamque
1145 1171 1146 1178 ,

41 1225 119 1266 eum
137 1207 260 1266 subinde
284 1217 314 1266 et
338 1207 430 1267 oculis
454 1211 484 1266 et
506 1209 595 1268 cauda
615 1217 646 1266 et
660 1217 721 1267 toto
738 1213 879 1285 corpore,
901 1208 1052 1288 redditque

42 1309 175 1368 semper
192 1309 400 1370 quemcumque
417 1305 556 1368 proxume
572 1293 683 1368 attingit
698 1301 816 1370 praeter
827 1291 943 1352 rubrum
956 1294 1053 1352 candi·

42 1375 190 1451 dumque.
224 1375 360 1444 defuncto
381 1375 476 1452 pallor
497 1385 550 1434 est
577 1393 649 1438 ¹caro
665 1377 693 1434 in
712 1377 805 1452 capite
831 1384 859 1434 et
881 1376 1003 1435 maxillis
1024 1387 1054 1436 et
1144 1423 1148 1426 .

44 1457 88 1518 ad
112 1460 320 1518 commissuram
340 1457 456 1518 'caudae
477 1458 625 1518 admodum
653 1461 772 1536 exigua,
804 1477 858 1518 nec
881 1459 968 1518 aliubi
989 1469 1052 1520 toto

8 1549 195 1620 recorpore.
226 1543 342 1619 sangnis
365 1541 393 1601 in
417 1542 505 1602 corde
527 1549 556 1601 et
578 1545 654 1603 circa
676 1543 915 1618 oculostantum,
939 1545 1053 1604 viscera

48 1628 119 1686 sine
137 1626 248 1702 splene.
279 1626 405 1685 hibernis
422 1626 565 1684 mensibus
584 1625 654 1686 latet
670 1637 700 1686 ut
716 1627 834 1686 lacerta.

120 1708 170 1768 34.
189 1709 272 1788 (52.)
294 1709 382 1768 liutet
401 1710 518 1769 colores
535 1711 704 1784 Scytharum
722 1709 872 1770 tarandrus
889 1727 945 1769 uec
960 1711 1095 1775 aliudltb

51 1794 153 1851 exiis
175 1810 248 1872 quae
270 1793 330 1871 pilo
348 1795 507 1863 vestiantur
523 1795 576 1852 nisi
598 1797 626 1852 in
646 1794 732 1854 lndiis
748 1795 867 1868 lycaon,
891 1794 936 1852 cui
957 1794 1052 1854 iubata

51 1876 176 1936 traditur
191 1879 300 1938 ceruix.
330 1895 393 1935 nam
420 1878 520 1951 thoes,
537 1911 578 1921 -
601 1878 732 1956 luporum
754 1878 784 1937 id
806 1895 899 1954 genus
920 1887 964 1938 est
985 1896 1051 1956 pro·

8 1968 43 2013 'ao
55 1961 155 2020 cerins
175 1959 369 2036 longitudine,
397 1961 539 2020 brevitate
561 1976 673 2020 crurum
687 1962 838 2036 dissimile,
861 1962 952 2024 uelox
968 1963 1051 2036 saltu,

43 2047 164 2103 -venatu
176 2045 291 2119 vivens,
308 2045 459 2104 innocuum
481 2043 597 2120 homini,
614 2077 654 2090 --
668 2045 809 2119 habitum,
833 2061 891 2104 aon
911 2045 1050 2119 colorem,

54 2136 174 2200 mutant,
194 2143 247 2205 per
259 2127 368 2188 hiemes
386 2129 461 2203 hirti,
475 2137 586 2187 aestate
608 2129 683 2188 nudi.
712 2127 857 2188 Tarandro
874 2129 1036 2204 magnitudo
1044 2140 1094 2193 ιιι

57 2229 133 2289 quae
149 2210 216 2269 boui
228 2219 282 2286 est,
301 2221 387 2290 caput
400 2214 490 2271 maius
507 2213 635 2285 cervino,
652 2229 707 2270 nec
724 2211 865 2286 absimile,
884 2221 991 2270 cornua
1007 2230 1051 2272 ra-

55 2311 155 2367 mosa,
186 2295 311 2371 ungulae
339 2295 454 2371 biiidae,
496 2295 582 2354 villus
611 2295 803 2370 magnitudine
826 2310 957 2372 ursorum
987 2295 1049 2370 sed,

21 2387 125 2438 ιιιιιιι
140 2377 218 2436 libuit
239 2381 282 2438 sui
299 2380 406 2438 eoloris
419 2397 496 2453 esse,
522 2379 593 2437 asini
611 2379 720 2438 similis.
750 2379 860 2454 tergori
880 2384 956 2436 tanta
975 2379 1050 2438 duri-

54 2465 100 2522 tia
113 2470 144 2519 ut
157 2461 291 2522 thoraces
308 2481 346 2522 err
361 2480 398 2522 eo
410 2463 524 2524 iaciant
550 2462 680 2522 colorem
694 2463 816 2521 omnium
832 2461 977 2536 arborum,
993 2461 1051 2522 irue
1148 2485 1161 2502 ι

58 2547 161 2618 deum,
186 2545 286 2604 dorum
312 2546 502 2646 locorumque
517 2545 611 2606 reddit
637 2545 796 2606 metuem
788 2564 816 2604 ιι
843 2544 945 2622 quibus
973 2546 1051 2606 latet

60 2630 161 2688 idebr
194 2631 356 2708 ocapitur.
399 2633 498 2693 mirum
520 2639 599 2690 esset
622 2631 747 2704 habitum
764 2631 883 2708 corpori
905 2637 961 2688 tam
982 2631 1052 2692 mul·

57 2647 270 2790 biplicerffdari,
286 2713 443 2774 mirabilius
461 2723 490 2774 et
507 2715 587 2775 villo

14 2805 53 2848 ··ιι
124 2795 171 2883 35.
191 2797 275 2875 5(3)
299 2797 449 2872 Ηιιιιιιιιι
470 2809 591 2875 generat
613 2797 690 2858 lndia
713 2807 742 2856 ct
757 2796 857 2858 dinca
871 2814 952 2875 spana
968 2807 1094 2860 con-125

62 2889 152 2940 tectas
168 2898 221 2942 ceu
235 2883 435 2942 irenaceorum
449 2899 569 2958 genere,
592 2882 644 2943 sed
660 2881 778 2956 hystrici
799 2881 947 2960 longiores
959 2881 1052 2940 aculei

64 2973 103 3038 et,
118 2983 175 3023 com
191 2965 309 3024 intendit
324 2975 428 3039 cutem,
445 2965 579 3024 missiles.
615 2981 665 3024 ora
679 2966 859 3042 urguentium
876 2965 936 3040 figit
952 2981 1052 3023 canona

64 3057 94 3107 et
107 3049 191 3125 paulo
204 3049 317 3126 longius
333 3051 480 3109 iaculatur.
512 3048 640 3108 hibernis
658 3058 750 3108 autem
772 3068 805 3108 se
821 3048 968 3109 mensibus
983 3063 1051 3106 con·

64 3132 113 3208 dit,
128 3149 196 3209 quae
212 3142 310 3194 natura
325 3135 420 3192 multis
436 3142 545 3192 etanta
564 3134 656 3194 omnia
673 3135 757 3192 ursis.
1068 3157 1071 3160 ·

33 3224 57 3266 ιι
125 3215 170 3277 36.
187 3216 270 3294 (54.)
293 3215 400 3276 Eorum
416 3219 508 3276 coitus
530 3218 631 3278 hierrnis
646 3218 743 3294 initio,
759 3234 814 3278 nec
837 3216 949 3292 volgari
964 3233 1032 3292 qua·
1043 3225 1093 3279 lib

64 3298 215 3398 dripedum·
221 3317 313 3375 more,
332 3302 383 3361 sed
400 3301 540 3361 ambobus
555 3301 723 3367 cubantibus
742 3302 961 3379 conplexisque.
985 3299 1051 3358 dein

68 3397 193 3442 secessus
206 3384 234 3441 in
249 3403 358 3482 specus
373 3388 537 3464 separatim,
554 3387 696 3463 inquibus
711 3389 824 3464 pariunt
834 3385 984 3460 trigesimo
1003 3383 1051 3444 die

66 3467 214 3545 plurumum
231 3470 343 3546 quinos.
371 3469 401 3530 hi
421 3480 489 3530 sont
505 3471 625 3532 candida
644 3469 831 3547 informisque
855 3484 948 3545 caro,
963 3467 1049 3548 paulo

104 3572 166 3610 ιιιιι
179 3553 883 3613 unr.t11ss.ll.5
