2462 3900
193 155 254 218 288
531 166 562 214 c.
578 167 673 216 surm
689 163 838 236 saeuum

150 333 186 388 58
197 324 259 384 fleri
271 323 476 422 proaautiatpr
504 307 686 384 Τιιιιιιιιιιιιοι
699 321 770 400 piris
784 320 885 398 ligura.
916 323 945 380 iu
958 323 1002 382 iis
1021 329 1131 386 serotirt

193 407 302 468 lriernes
323 423 415 485 usque
435 409 463 466 in
483 415 573 467 matre
595 405 719 484 pendent
738 405 808 481 gelu
828 411 1065 470 maturescentia
1119 440 1135 459 υ

193 479 388 569 ampullaceo,
405 490 519 566 laurea,
535 492 629 550 siem
620 508 649 549 ιιι
662 489 745 548 malis
759 488 905 565 Amerina,
922 492 1136 553 Scaudiana.

193 575 297 636 duntur
310 593 382 634 varo
400 577 462 653 pira
475 584 506 634 ut
521 591 611 650 urae,
637 591 672 640 ac
691 572 809 632 totidem
827 574 936 649 modis,
959 591 1070 656 aeque
1086 578 1133 639 ιιι

194 659 273 720 cadis
295 668 497 738 praeterquam
522 675 640 738 prunae.
667 657 761 716 Potuit
784 659 949 736 proprietas
969 662 1114 741 pirisque

193 743 381 823 similiterque
400 745 540 822 integris
565 742 714 803 medentes
731 751 851 818 carent,
876 745 977 802 eviuo
1005 756 1041 806 et
1065 763 1134 824 aqua

159 897 163 918 Ι
194 836 296 887 cuntur
308 837 394 906 atque
412 828 581 906 pulmentari
595 828 689 886 vicem
701 825 825 904 inplent,
838 826 915 904 quod
930 843 989 888 non
1007 830 1074 892 alia
1090 847 1136 908 pra

193 921 316 972 cotonea
334 922 363 970 et
378 911 517 972 struthea.

149 1004 185 1058 59
261 995 309 1056 16.
335 995 463 1074 (18:1)
495 993 527 1054 la
552 995 717 1054 uuiversum
738 1004 833 1056 autem
858 993 894 1054 de
921 997 1020 1073 pomis
1053 1015 1124 1056 sera

192 1079 368 1156 praecipitur
396 1080 523 1157 pomaria
550 1080 578 1138 iu
603 1078 671 1138 loco
698 1078 802 1155 frigido
828 1095 863 1138 ao
891 1079 982 1138 sicco
1000 1080 1130 1140 contalt

192 1163 467 1240 septentriopaliltus
482 1164 620 1224 fenestris
636 1179 740 1223 sereuo
755 1162 802 1222 die
816 1171 934 1240 patere,
957 1173 1087 1226 austros
1103 1181 1135 1243 sp

195 1245 303 1306 laribus
332 1265 450 1323 arcere,
479 1234 621 1326 aquilonis
650 1263 766 1325 quoquc
789 1245 893 1307 adllatu
914 1265 1000 1325 poma
1025 1249 1132 1308 deta

193 1331 287 1407 rugis,
311 1331 411 1408 colligi
430 1332 504 1394 mala
521 1341 587 1411 post
608 1332 818 1409 aequinoctium
839 1333 963 1391 autumni
973 1349 1117 1412 ,neque

194 1427 264 1474 xva
295 1416 404 1492 lunam,
428 1433 524 1495 neque
547 1415 620 1475 ultra
641 1414 930 1492 duodetricesimum,
951 1433 1007 1476 nec
1029 1417 1131 1496 pluvi·
1145 1476 1147 1479 ,

194 1517 289 1596 neque
318 1509 384 1560 aute
410 1501 528 1578 primam
555 1499 676 1573 horam,
706 1497 806 1560 cadiva
832 1501 984 1577 separari,
1020 1511 1130 1561 stram

194 1584 300 1642 storeis
317 1585 447 1662 paleisve
464 1584 617 1657 substerni,
632 1600 695 1642 rara
708 1585 844 1661 conponi,
860 1593 890 1642 ut
905 1583 1010 1644 limites
1028 1585 1143 1663 pervii

193 1666 276 1726 ritum
298 1668 450 1746 aequalem
472 1669 624 1747 accipiant.
658 1667 793 1774 Amerina
815 1685 947 1728 maxume
968 1669 1135 1744 durare,

192 1751 266 1812 mela
282 1753 415 1814 minutus
543 1802 548 1814 .
873 1789 877 1796 ·
1138 1759 1146 1771 ¹

151 1844 187 1899 60
263 1837 309 1896 17.
334 1837 386 1914 [2.]
417 1834 585 1898 Cotoueis
577 1853 606 1894 m
630 1836 768 1896 concluso
793 1836 998 1913 spiramentum
1024 1853 1156 1897 omne
1155 1892 1157 1895 ,

194 1920 325 1983 meadum
341 1929 388 1982 aut
403 1921 518 1998 incoqur
512 1919 616 1980 melle
628 1937 662 1980 ca
673 1921 804 1997 mergive
823 1929 972 1998 oportere.
1000 1920 1115 1982 Punica
1130 1937 1144 1980 a

194 2007 298 2065 marina
316 2005 449 2066 fervente
462 2005 606 2080 indurari,
627 2022 695 2064 mox
710 2005 804 2064 triduo
820 2003 884 2063 sole
896 2004 1013 2063 siccata‘
1030 2005 1076 2065 ita
1098 2023 1134 2064 ue

197 2098 297 2149 ctumo
318 2109 385 2150 rore
409 2091 610 2167 contingantur
631 2089 786 2167 suspendi,
809 2097 918 2147 etcum
934 2087 1026 2147 libeat
1042 2092 1105 2164 uti,
1129 2088 1156 2146 a

195 2172 271 2232 dulci
288 2175 391 2252 perlui.
423 2172 461 2235 Μ.
477 2173 571 2234 Varro
589 2183 618 2234 et
632 2176 660 2234 iu
675 2174 760 2234 doliis
775 2172 902 2233 harenae
921 2175 1035 2231 servari
1051 2173 1156 2234 iubet
1156 2198 1157 2201 ¹

196 2256 333 2320 inmatura
354 2257 436 2318 obrui
458 2267 535 2318 terra
560 2259 587 2318 iu
603 2258 669 2318 ollis
684 2257 772 2317 fundo
791 2257 928 2332 attracto,
954 2255 1007 2315 sed
1024 2259 1185 2334 spirim

113 2345 116 2354 ’
196 2339 277 2403 eluso
298 2359 332 2403 ac
353 2342 469 2402 surculo
489 2343 554 2440 pice
573 2342 663 2402 inlito
697 2343 740 2400 sic
756 2342 841 2400 etiam
853 2356 991 2400 crescere
1006 2338 1193 2434 amplitudipet

196 2425 304 2485 maiore
319 2444 403 2504 quam
417 2427 530 2504 possiut
544 2427 572 2486 ιιι
584 2426 699 2486 arbore.
732 2434 830 2484 cetera
840 2423 913 2484 mala
927 2432 959 2483 et
974 2423 1054 2483 foliis
1073 2421 1186 2488 ficulnis,

104 2513 108 2526 ¹
196 2517 397 2587 praeterquam
426 2510 555 2585 cadivis,
587 2511 697 2587 singula
728 2509 864 2570 convolvi
893 2505 1033 2586 cistisque
1069 2505 1187 2568 vitilibus

152 2599 187 2654 61
199 2590 283 2650 coudi
298 2592 346 2651 vel
362 2603 441 2653 creta
458 2593 637 2671 figulinarum
652 2594 739 2654 iuliui.
765 2593 816 2672 [3]
840 2593 900 2670 pira
919 2593 947 2650 iu
963 2593 1042 2651 vasis
1058 2589 1187 2652 lictililat

196 2675 322 2754 picatis
314 2679 436 2736 inversis
453 2678 535 2738 obrui
553 2678 669 2738 scrobe.
700 2677 851 2737 Tarentina
868 2677 1015 2736 serissime
1032 2676 1109 2753 legi,
1126 2669 1186 2732 Ani-

197 2761 276 2820 ciana
292 2762 402 2820 servari
420 2771 448 2820 et
459 2764 486 2822 in
502 2780 599 2841 passo
626 2763 711 2822 sorba
727 2779 844 2860 quoque
858 2771 889 2820 et
898 2759 1055 2820 scrobrbus
1068 2761 1193 2836 gypsato

197 2845 356 2944 operculo,
379 2845 463 2904 duum
484 2847 588 2945 pedum
610 2856 688 2906 terra
710 2847 919 2925 superiniecta,
941 2845 970 2903 ιιι
990 2843 1060 2905 loco
1082 2843 1186 2923 aprico,

86 2959 96 2968 -
196 2929 318 2998 inversis
339 2930 418 2990 vasis
440 2939 468 2988 et
488 2932 516 2990 iu
538 2931 638 3006 doliis,
662 2939 693 2989 ut
707 2949 776 2990 uvas
793 2933 926 3008 interque
941 2945 1013 2988 uvas
1031 2947 1096 2988 cum
1111 2924 1187 2987 ramis

153 3021 188 3077 62
199 3013 345 3092 suspendu
377 3013 428 3093 [l]
459 3011 482 3072 E
506 3017 656 3113 proxumis
673 3015 837 3075 auctoribus
859 3013 971 3112 quidam
996 3013 1081 3074 altius
1101 3023 1190 3071 curam

195 3108 346 3177 repetunt,
375 3099 562 3177 deputarique
590 3100 685 3160 statim
707 3117 793 3178 poma
815 3117 849 3159 ac
872 3098 938 3156 vitis
958 3099 994 3158 ad
1018 3097 1094 3156 hunc
1116 3107 1189 3156 usum

197 3185 377 3262 praecipiunt
392 3183 582 3244 decrescente
598 3185 679 3258 luna,
696 3193 762 3262 post
778 3184 877 3244 horam
893 3181 949 3241 diei
963 3182 1094 3255 tertiam,
1112 3177 1190 3243 caelo

197 3285 303 3326 sereno
319 3277 366 3328 aut
379 3269 466 3328 siccis
482 3284 497 3326 a
513 3269 615 3326 ventis
637 3268 768 3327 similiter
782 3267 870 3344 deligi
886 3275 915 3325 et
928 3284 965 3325 er
981 3266 1052 3325 locis
1066 3265 1155 3323 siccis
1167 3268 1191 3319 et

197 3359 262 3410 ante
279 3352 437 3429 perlectam
452 3351 656 3426 maturitatem,
681 3351 778 3414 addito
799 3359 829 3410 ut
852 3352 918 3411 luua
940 3348 1011 3409 inira
1028 3358 1134 3408 terram
1150 3347 1190 3416 sit,

197 3449 266 3491 uvas
284 3453 346 3494 cum
363 3436 500 3498 malleolo
517 3436 652 3496 sarmenti
664 3435 752 3512 duro,
772 3433 1014 3514 demptisiorllce
1034 3432 1192 3509 corruptio·
