2444 3908
121 203 224 268 ,100
337 227 341 248 ·
500 209 530 256 c.
551 209 649 256 surus
671 203 821 256 suanum

101 366 103 370 ’
162 369 267 428 tionem
281 379 426 444 purpura,
449 379 546 441 neque
567 375 674 440 aspero
696 375 792 438 neque
815 355 1006 418 rotundnore
1024 356 1169 432 usquein

164 451 286 529 angulos
308 448 469 527 prodeunte
486 455 593 520 rostro,
609 443 662 504 sed
674 445 717 502 sic
731 441 842 502 concha
854 449 978 518 utroque
990 439 1083 499 latere
1097 457 1167 501 sese

164 535 334 612 colligente,
347 530 450 610 quibus
466 527 680 608 inhaerentibus
691 527 806 607 plenum
820 526 913 584 ventis
930 526 1046 584 stetisse
1062 541 1167 584 narem

163 627 325 700 portantem
359 615 516 676 Periandro
544 623 573 673 ut
595 619 790 675 castrarentur
818 608 924 670 nobilis
945 625 1072 686 pueros,
1095 626 1165 669 eon·

20 705 25 712 ’
45 721 48 726 ·
163 704 291 781 eburque
308 717 382 778 quae
397 699 426 760 id
442 698 638 776 praestiterint
654 695 729 774 apud
745 692 912 754 Cnidiorum
929 692 1077 754 Venerem
1096 693 1186 756 colis

162 785 286 848 Trebius
307 783 398 860 Niger
419 781 553 860 pedalem
575 799 642 840 esse
657 790 687 839 et
708 778 897 842 crassitudine
915 779 1041 858 quinque
1059 779 1164 855 digito·

161 887 234 946 rum,
252 870 333 928 nauis
349 868 465 940 morari,
482 875 636 943 praeterea
651 865 724 925 banc
741 881 808 924 esse
823 864 880 922 vim
897 865 960 922 eius
974 862 1124 930 adservati
1139 863 1166 920 iu

94 980 96 984 ’
162 955 224 1015 sale
251 962 281 1012 ut
302 967 399 1012 eurum
420 949 497 1028 quod
512 950 653 1010 deciderit
677 950 706 1008 in
727 948 884 1008 altissimos
907 955 1012 1026 puteos
1032 946 1164 1006 admotus

163 1037 303 1098 estuabat.
830 1047 833 1054 “

119 1133 152 1188 81
228 1117 279 1182 26.
293 1117 377 1196 (42.)
395 1115 502 1179 blutaut
515 1118 644 1178 colorem
655 1116 804 1176 candidum
815 1131 918 1174 monae
929 1123 959 1174 et
971 1115 1041 1174 liunt
1051 1123 1164 1176 aestate
1173 1131 1196 1172 uc

70 1233 72 1240 ·
162 1205 316 1283 nigriores.
354 1210 443 1262 mutat
465 1211 493 1262 et
509 1201 627 1280 phycis,
650 1201 764 1280 reliquo
780 1210 912 1278 tempore
931 1199 1071 1274 eandida,
1093 1217 1164 1258 vere

162 1289 253 1350 varia.
275 1286 377 1347 eadem
388 1286 580 1364 pisciumsola
591 1285 716 1347 nidificat
729 1303 766 1344 ex
778 1285 846 1359 alga
859 1292 946 1362 atque
958 1286 986 1342 in
998 1283 1066 1342 nido
1079 1285 1163 1362 parit.

119 1385 155 1440 82
227 1372 311 1450 (43.)
335 1370 422 1431 Volat
444 1371 582 1444 hirundo,
616 1387 685 1429 sane
709 1385 849 1447 perquam
871 1368 970 1428 similis
994 1368 1109 1428 volueri
1124 1368 1164 1428 bi.

162 1457 291 1531 nundini,
307 1457 375 1515 item
398 1456 513 1515 milvos.
554 1453 603 1514 27.
628 1453 711 1514 Subit
724 1455 764 1512 ·iu
785 1469 893 1514 summa
912 1453 1002 1512 maria
1021 1453 1114 1530 piscis
1130 1470 1165 1511 en

163 1549 333 1617 argumento
356 1537 519 1616 appellatus
540 1538 674 1612 lucerna,
695 1537 849 1614 linguaque
872 1537 957 1612 ignea
977 1555 1031 1614 per
1051 1552 1086 1594 os
1117 1548 1194 1596 emo

163 1632 242 1682 senta
263 1622 425 1700 tranquillis
447 1619 580 1680 noctibus
600 1622 722 1682 relucet.
756 1620 862 1680 attollit
882 1639 898 1678 e
919 1621 990 1679 mari
1010 1623 1163 1698 sesquipe-

164 1706 256 1770 danea
276 1705 340 1765 iere
360 1722 468 1764 cornua
482 1723 558 1782 quae
581 1705 616 1764 ab
635 1704 680 1764 lais
700 1722 804 1764 nomen
826 1707 920 1764 traxit.
953 1722 1054 1768 rursus
1077 1705 1163 1766 draco

162 1791 287 1850 mannus
306 1793 407 1866 captus
425 1798 511 1866 atque
527 1790 660 1848 inmissus
677 1791 705 1848 iu
720 1790 855 1850 harenam
871 1806 1024 1850 cavernam
1047 1788 1104 1850 sibi
1120 1806 1163 1848 ro·

164 1883 226 1933 stro
241 1873 310 1931 mira
327 1871 478 1932 eeleritate
494 1882 624 1932 excavat.

120 1965 156 2024 83
225 1955 275 2016 28.
298 1956 383 2034 (44.)
406 1956 528 2018 Piscium
553 1958 691 2032 sauguine
720 1965 819 2016 carent
842 1957 878 2016 de
899 1955 1003 2033 quibus
1024 1956 1194 2020 dicemusne

144 2051 229 2102 suut
255 2047 350 2100 antem
371 2041 424 2099 tria
444 2058 570 2117 genera:
598 2042 718 2118 priunum
744 2057 817 2118 quae
845 2040 943 2100 mollia
967 2040 1176 2121 appellantur,

163 2125 230 2188 dein
258 2133 394 2186 contecta
423 2127 528 2184 crustis
557 2125 705 2201 tenuibus,
738 2134 887 2203 postremo
913 2126 995 2184 testis
1027 2125 1165 2184 conclusa

114 2286 118 2293 ι
163 2210 251 2270 duris.
274 2210 373 2270 mollia
391 2217 455 2268 sunt
470 2209 583 2287 lolligo,
601 2212 711 2289 saepia,
729 2210 854 2289 polypus
873 2218 902 2268 et
925 2220 1023 2269 cetera
1045 2211 1165 2286 generis

114 2340 119 2346 .
163 2297 236 2355 eius.
272 2295 316 2355 his
332 2303 418 2372 caput
433 2294 508 2356 inter
521 2296 615 2372 pedes
631 2304 660 2355 et
674 2303 815 2369 uentrem,
841 2293 967 2372 pediculi
986 2295 1086 2352 octoni
1107 2311 1164 2352 om·

162 2379 256 2440 nibus.
288 2380 405 2457 saepiae
429 2387 457 2438 et
483 2379 606 2456 lolligini
628 2379 718 2458 pedes
738 2378 796 2438 duo
831 2396 868 2450 ex
891 2377 935 2437 bis
958 2377 1121 2454 longissimi
1138 2386 1194 2440 otu

163 2464 261 2539 asperi
279 2462 381 2540 quibus
404 2462 440 2520 ad
464 2477 514 2520 orn
537 2464 690 2527 admovent
714 2462 796 2522 cibos
817 2472 846 2521 et
868 2463 896 2520 in
918 2461 1005 2523 ductu
1029 2481 1062 2522 se
1085 2463 1166 2522 velut

52 2563 54 2568 ·
84 2539 89 2554 ¹
164 2546 279 2606 ancoris
297 2544 453 2618 stabiliunt,
471 2554 571 2604 cetera
587 2547 654 2604 cirri
671 2545 775 2626 quibus
786 2554 935 2606 venantur.

122 2635 157 2690 84
226 2627 277 2686 29.
296 2629 379 2706 (45.)
404 2626 517 2703 Lolligo
535 2629 619 2688 etiam
634 2629 734 2690 volitat
752 2640 834 2695 extra
848 2648 952 2710 aquam
968 2648 1001 2688 se
1024 2629 1166 2704 efferens,

165 2711 242 2788 quod
259 2720 287 2770 et
302 2712 467 2788 pectunculi
481 2711 599 2789 iaciunt,
619 2715 742 2790 sagittae
758 2716 854 2775 modo.
877 2715 1046 2792 saepiarum
1061 2715 1167 2790 generi

163 2812 258 2854 mares
278 2795 350 2854 varii
364 2805 392 2854 et
419 2796 565 2872 nigriores
590 2799 827 2878 constantiaeque
848 2801 973 2858 maioris.
1003 2813 1196 2876 percusserant

164 2879 288 2940 tridente
304 2878 427 2940 iemiuae
444 2879 625 2956 auxiliantur,
642 2891 672 2942 at
687 2882 792 2944 femina
808 2885 866 2944 icto
882 2899 960 2942 mare
978 2883 1061 2960 fugit.
1080 2883 1166 2944 ambo

90 2971 94 2982 '
161 2971 274 3038 antem,
297 2961 346 3022 ubi
364 2978 485 3024 sensere
506 2984 539 3024 se
557 2966 751 3044 adprehendi,
774 2968 866 3028 effuso
899 2975 1058 3029 atramento
1090 2966 1168 3047 quud

165 3063 218 3126 pro
233 3049 371 3125 sanguine
387 3047 430 3107 lris
450 3059 494 3108 est
503 3050 650 3110 infuscata
667 3069 741 3130 aqua
756 3052 978 3114 absconduntur.

120 3139 178 3194 85.
226 3133 310 3212 (46.)
339 3131 516 3210 Polyporum
534 3131 621 3196 multa
642 3154 763 3211 genera.
793 3139 902 3197 terreni
929 3138 1055 3196 maiores
1082 3153 1169 3214 quam

162 3217 281 3295 pelagii.
301 3234 401 3276 omnes
414 3217 557 3280 bracchiis
574 3230 602 3278 ut
614 3220 737 3298 pedibus
749 3239 783 3280 ac
795 3221 925 3283 manibus
935 3230 1060 3295 utuntur,
1074 3219 1197 3285 caudae

163 3303 246 3377 vero,
263 3317 337 3381 quae
352 3311 397 3362 est
412 3300 523 3362 bisulca
538 3313 567 3364 et
585 3313 678 3379 acuta,
695 3307 723 3362 in
735 3307 822 3364 coitu.
841 3316 886 3364 est
898 3305 1014 3384 polypis
1026 3305 1168 3364 listulaiu

163 3383 251 3444 dorso
267 3404 324 3464 qua
345 3388 500 3449 tramittunt
518 3405 613 3463 mare,
634 3407 755 3466 eamque
779 3390 864 3450 modo
883 3392 911 3448 in
932 3390 1082 3450 dexteram
1100 3406 1166 3466 par·

163 3473 231 3542 tem,
252 3471 337 3532 modo
360 3473 389 3530 in
412 3473 554 3532 sinistram
570 3474 753 3535 transierunt.
780 3484 877 3534 natant
887 3474 1003 3552 obliqui
1021 3475 1048 3533 in
1064 3481 1165 3552 capnt,
