2444 3910
310 191 389 240 unu.
405 191 495 240 uisu.
511 192 572 238 vu.
589 187 691 240 9-13.
711 176 842 261 (7—11.)
1023 179 1058 238 11

46 349 147 407 rictas
170 346 351 408 multiformis
373 357 456 410 nolas
478 349 626 425 inprimet,
654 366 716 407 cum
742 349 848 406 celeris
873 346 1060 408 animanlibus

49 431 213 492 inmobiles
235 433 291 490 sint
315 433 398 492 ammi
421 440 449 490 et
470 432 579 492 similes
601 431 731 490 omnibus
753 430 932 508 singulisque
957 433 985 490 in
1007 448 1060 490 suo

50 517 165 594 cuique
180 533 300 592 genere.
329 513 474 576 Antiocho
488 517 551 591 regi
564 515 666 589 Syriae
679 533 695 573 e
708 514 795 593 plebe
810 515 924 574 nomine
940 513 1060 576 Artemo
1068 522 1103 578 58

48 602 82 660 in
99 608 210 660 tantum
227 599 326 658 similis
342 597 394 658 luit
410 607 439 658 ut
453 599 580 659 Laodice
598 601 703 660 coniux
718 600 800 676 regia
815 607 919 658 necato
935 599 989 658 iam
1000 598 1060 661 An·

20 683 157 752 s,tiocbo
175 683 289 742 mimum
306 701 360 762 per
380 701 446 743 eum
469 683 722 744 commendationis
738 684 880 764 regnique
895 684 1059 742 successio·

49 769 100 826 nis
126 764 285 844 peregerit.
329 765 434 844 blegne
457 767 595 846 Pompeio
617 766 719 828 Vibius
744 766 896 845 quideme
921 765 1010 844 plebe
1031 775 1060 826 et

50 850 203 912 Publicius
230 852 315 912 etiam
335 853 478 920 ¹servitute
500 850 639 912 liberatus
661 850 818 912 indiscrete
840 868 934 928 prope
959 852 1059 928 specie

51 936 141 996 luere
155 935 282 1010 similes,
305 935 375 996 illud
393 952 427 994 os
443 933 563 1014 probum
576 936 732 997 reddentes
754 933 1060 1014 ipsumquehonorem

53 1021 182 1078 eximiae
204 1017 316 1080 frontis.
358 1019 451 1096 qualis
471 1037 557 1080 causa
575 1021 648 1097 patri
671 1037 787 1098 quoque
809 1019 871 1080 cius
889 1017 1059 1094 Menogenis
1067 1026 1103 1080 54

11 1121 42 1164 ro
54 1104 124 1164 coci
139 1105 182 1165 sui
198 1121 361 1181 cognomen
374 1103 514 1182 inposuit,
533 1105 588 1164 iam
602 1103 752 1164 Strabonis
764 1121 780 1162 a
794 1103 896 1180 specie
912 1103 1061 1164 cenorum

52 1187 190 1249 habentis
212 1188 308 1247 vitium
326 1188 432 1246 imitata
455 1196 484 1246 et
500 1188 527 1245 in
549 1206 645 1250 servo.
683 1188 812 1266 Scipioni
828 1187 1012 1264 Serapionis,
1035 1187 1059 1246 is

55 1281 121 1334 erat
148 1271 235 1330 suarii
259 1272 448 1348 negotiatoris
470 1272 528 1332 vile
551 1273 732 1350 mancipium.
778 1271 908 1332 eiusdem
933 1271 1059 1332 familiae

54 1356 188 1434 Scipioni
216 1365 282 1432 post
309 1373 373 1414 enm
402 1373 563 1432 cognomen
589 1355 711 1415 Saluitto
736 1356 837 1414 miurus
863 1355 958 1430 dedit,
985 1355 1059 1414 sicut

55 1439 195 1518 Spinther
215 1439 405 1524 secundarum
422 1441 627 1518 tertiarumque
645 1438 811 1518 Pamphilus
836 1438 964 1514 collegio
986 1437 1058 1500 Len·

16 1523 109 1590 retuli
124 1533 152 1584 el
167 1522 278 1584 bletelli
293 1540 388 1598 coss,
408 1524 436 1582 in
451 1541 507 1602 quo
523 1541 661 1602 perquam
678 1524 830 1602 inportune
845 1520 989 1583 fortuitum
1003 1521 1060 1584 boc

56 1626 175 1688 quoque
187 1607 257 1682 luit,
273 1607 393 1668 duorum
404 1608 486 1669 simul
499 1607 647 1670 consulum
660 1609 688 1666 in
701 1624 806 1667 scaena
818 1607 957 1682 imagines
969 1607 1057 1667 cerni.
1163 1611 1164 1618 ’

56 1713 73 1752 e
90 1693 207 1752 diverso
222 1691 252 1752 L.
270 1691 392 1751 Plancus
408 1701 507 1752 orator
522 1692 653 1752 histrioni
671 1690 780 1750 Rubrio
801 1706 963 1766 cognomen
978 1691 1101 1768 inpo·55
1149 1714 1155 1731 ¹

56 1777 124 1836 suit.
151 1794 249 1834 rursus
263 1773 379 1834 Curioni
395 1777 469 1854 patri
483 1775 670 1851 Burbuleius,
688 1776 814 1853 itemque
829 1772 975 1834 lllessalae
992 1793 1059 1834 cen·

55 1863 138 1920 sorio
151 1857 349 1939 Menogenes,
368 1860 489 1938 perinde
504 1860 668 1920 histriones.
695 1861 787 1918 Surae
805 1859 919 1936 quidem
934 1876 1058 1938 procori·
1153 1891 1156 1902 ·

15 1945 128 2004 rosulis
153 1945 238 2003 etiam
264 1945 365 2002 rictum
387 1947 414 2003 in
439 1944 584 2024 loquendo
603 1939 863 2022 intractionemque
890 1941 1006 2020 linguae
1030 1950 1059 2002 et

54 2029 198 2088 sermonis
213 2027 377 2103 tumultum,
397 2045 454 2086 non
469 2030 621 2106 imaginem
635 2027 740 2103 modo,
757 2029 887 2106 piscator
903 2028 1015 2106 quidam
1031 2027 1059 2092 in

54 2109 154 2173 Sicilia
174 2111 306 2170 reddidit.
351 2111 454 2171 (lessio
476 2114 588 2172 Severo
615 2110 726 2172 celebri
751 2114 859 2171 oratori
885 2111 1058 2170 Armentarii

53 2195 234 2256 mirmillonis
250 2194 364 2256 obiecta
380 2196 534 2256 similitudo
552 2206 605 2255 est.
635 2193 795 2254 Thoranius
810 2213 914 2272 mango
930 2195 1056 2254 Antonio
1066 2207 1101 2259 56

54 2283 110 2339 iam
133 2280 279 2338 triumviro
300 2281 422 2339 eximios
441 2279 533 2339 forma
554 2297 677 2358 pueros,
701 2278 821 2338 alterurn
838 2279 865 2336 iu
884 2277 954 2338 Asia
977 2279 1057 2354 geni·

18 2374 115 2426 astum
137 2363 258 2422 cllerum
282 2373 360 2424 trans
383 2364 482 2442 Alpis,
505 2373 535 2422 ut
550 2363 682 2440 geminos
703 2359 839 2421 vendidit.
871 2370 948 2420 tanta
965 2361 1058 2421 unitas

56 2455 128 2508 erat.
164 2456 317 2525 postquem
339 2447 444 2510 deinde
466 2465 599 2506 sermone
618 2463 771 2524 puerorum
791 2443 906 2505 detecta
922 2444 1058 2505 fraudes

54 2533 168 2592 furente
185 2533 342 2609 increpitus
358 2533 484 2592 Antonio
501 2539 560 2606 est,
582 2534 658 2590 inter
673 2530 728 2589 alia
744 2527 965 2604 magnitudinem
982 2531 1058 2608 preli

14 2641 19 2650 ¹
55 2623 257 2694 conquerente
268 2615 347 2694 (nam
363 2617 495 2677 ducentis
511 2618 572 2675 e'ral
583 2624 726 2674 mercatus
742 2614 919 2692 sestertiis),
936 2631 1057 2692 respon-

55 2700 96 2760 dit
105 2709 242 2758 versutus
256 2701 353 2776 ingeni
367 2717 471 2778 mango
493 2699 630 2777 idipsum
648 2717 680 2758 se
696 2698 765 2758 tanti
780 2695 963 2771 vendidisse,
986 2715 1056 2774 quo·

19 2786 128 2848 nciam
148 2801 206 2845 non
228 2793 307 2845 esset
328 2787 398 2846 mira
420 2785 574 2846 similitudo
597 2785 625 2842 in
646 2783 713 2844 ullis
735 2782 838 2842 eodem
856 2790 940 2842 atero
962 2781 1057 2856 editis,

54 2868 233 2928 diversarum
249 2868 362 2944 quidem
377 2870 503 2945 gentium
518 2867 621 2927 natalis
636 2877 693 2926 tam
712 2865 852 2927 concordi
866 2866 960 2942 ligura
973 2883 1058 2943 repe·

54 2952 105 3012 riri
127 2970 215 3030 super
237 2968 349 3012 omnem
375 2971 443 3014 esse
464 2955 648 3012 taxationem.
693 2950 827 3029 adeoque
855 2950 1058 3028 tempestivam

54 3036 270 3098 admirationem
284 3036 392 3113 intulit,
411 3046 444 3096 ut
456 3037 506 3096 ille
523 3037 705 3114 proscriptor
719 3036 828 3094 animus
841 3033 928 3096 modo
943 3041 973 3092 et
987 3049 1055 3091 con·

52 3120 172 3181 tumelia
192 3119 292 3180 lurcos
309 3138 366 3182 nou
387 3119 464 3182 alind
482 3121 511 3179 in
525 3138 616 3182 censu
632 3121 724 3196 magis
746 3138 784 3180 err
800 3119 915 3180 fortuna
932 3135 984 3179 sua
1005 3115 1055 3176 du·

21 3214 145 3266 tucerct.

118 3287 166 3349 13.
191 3290 274 3369 (11.)
310 3287 363 3350 list
383 3288 674 3367 quaedampriralim
700 3288 867 3348 dissociatio
890 3292 1098 3362 corporurmnl

54 3389 84 3434 et
106 3381 182 3434 mter
201 3391 234 3432 se
260 3373 392 3449 steriles,
418 3373 466 3432 ubi
490 3390 553 3434 curn
576 3371 640 3432 aliis
663 3374 801 3447 iunxere,
823 3372 959 3448 gignunt,
982 3370 1056 3430 sicut

53 3455 203 3536 Augustus
221 3467 252 3518 et
266 3457 355 3520 Liuia.
392 3459 460 3518 item
477 3457 526 3516 alii
548 3456 680 3536 aliaeque
696 3455 817 3516 leniunt
839 3462 946 3514 tanturn
966 3473 1053 3530 gene·
