2462 3900
312 224 392 271 rtur.
414 215 505 271 nuso.
524 217 655 272 x1111.'1.
679 221 706 276 t.
725 211 767 288 (3.,
791 213 833 288 a.)
1014 201 1074 273 25‘7

71 367 252 458 putrescant.
282 379 348 438 vina
368 379 465 458 primo
481 378 576 438 dulcia
599 379 796 438 austeritatem
822 379 902 438 annis
922 379 1075 459 accipiunt.

68 463 189 523 ¹lltruriu
207 458 285 522 nulla
302 464 394 540 magis
410 463 469 521 vite
486 463 602 545 madet.
626 461 663 522 lit
673 463 813 522 hactenus
829 463 977 540 potissima
993 463 1118 530 nobi-as

72 549 140 608 litas
154 549 236 609 datur
251 543 448 625 peculiaribus
463 555 550 626 atque
570 547 742 610 vernaculis
751 546 862 607 ltaliae.
893 555 1011 607 ceterae
1027 549 1075 610 ad

71 647 194 692 ruere.
224 647 241 690 e
260 628 333 690 ctio
349 627 483 690 Tbasove
499 630 643 692 Graecula
660 648 718 690 nou
737 631 858 691 inferior
875 631 1004 690 Amineis
1021 622 1076 692 bo·

1 765 2 774 2
38 737 56 778 s
71 717 181 790 nitate,
197 710 375 794 praetenera
383 717 483 792 acino,
499 726 529 774 et
540 733 595 776 uva
607 725 664 774 tam
676 733 764 794 parva
776 724 806 775 ut
818 715 873 774 nisi
887 715 1076 795 pinguissimo

1 837 2 874 3
69 800 139 860 solo
158 801 259 860 colere
277 814 335 858 non
350 801 452 878 prosit.
483 801 634 878 eugeniam
650 798 882 860 Tauromenitani
902 799 996 860 colles
1013 815 1076 860 cum

1 923 3 960 ,
69 885 277 962 generositatis
293 885 465 962 cognomine
477 886 583 944 misere
596 883 711 946 Albano
722 893 829 944 tantum
840 901 930 962 agro,
943 884 1076 962 quoniam

67 968 175 1028 tralata
201 970 295 1030 statua
318 975 456 1029 motatur.¹
487 985 609 1047 namque
633 979 679 1028 est
703 969 807 1047 aliquis
828 968 1077 1029 tantus-locorum

1 1093 3 1131 Ξ
68 1068 153 1112 amor
173 1059 205 1110 ut
227 1067 338 1112 omnem
359 1054 387 1112 iu
407 1053 444 1111 iis
457 1053 580 1130 gloriam
599 1069 678 1112 suam
698 1052 861 1133 relinquant
882 1071 938 1114 nec
957 1069 1075 1131 usquam

30 1159 59 1202 ro
69 1146 220 1197 transeant
245 1145 334 1198 totae.
372 1137 451 1220 qood
474 1139 554 1196 etin
575 1135 696 1197 llaetiua
711 1136 966 1218 Allobrogicaque
989 1145 1118 1216 quanio

68 1239 159 1300 supra
172 1222 294 1299 picatam
306 1221 517 1300 appellavimus
533 1223 640 1296 evenit,
654 1221 731 1280 domi
744 1220 889 1281 nobilibus
901 1238 957 1281 uec
968 1221 1075 1299 adguo·
1088 1249 1111 1285 aa

68 1300 189 1366 scendls
204 1304 282 1364 alibi.
306 1304 448 1365 fecundae
459 1305 703 1382 tameoltonitutis
714 1307 780 1366 viee
792 1307 905 1384 copiam
917 1313 1075 1384 praestant,

1 1445 2 1468 ἶ
69 1390 196 1466 eugenia
211 1389 394 1448 ferventibus
412 1388 506 1466 loeis,
529 1387 650 1450 Raetiae
673 1390 859 1468 temperatis,
883 1387 1075 1466 allobrogica

1 1547 3 1553 k
67 1473 195 1551 irigirbs,
211 1471 280 1550 gelu
296 1482 494 1533 maturescens
507 1483 536 1534 et
549 1474 651 1534 colore
663 1475 753 1550 nigra.
778 1471 824 1532 Etr
835 1473 879 1534 his
892 1491 963 1552 quas
979 1469 1072 1534 adbuc
1082 1479 1118 1536 at

1 1603 3 1644 ι
29 1585 58 1626 ιι
69 1558 213 1634 diximus,
227 1557 279 1616 sed
294 1558 380 1617 etiam
396 1574 413 1616 e
429 1558 536 1635 nigris,
556 1559 622 1618 vina
632 1565 778 1618 vetustate
792 1557 822 1616 ἰ
836 1557 933 1618 album
944 1555 1075 1618 colorem

1 1651 3 1724 ,
67 1650 228 1702 transeunt.
262 1641 397 1720 reliquae
410 1641 570 1719 ignobiles,
587 1641 741 1722 aliquando
756 1651 851 1702 tamen
868 1641 942 1702 caeli
956 1651 1004 1702 aut
1020 1639 1075 1700 soli

1 1775 2 1808 ᾖ
68 1743 163 1806 opera
177 1727 245 1786 alno
261 1726 364 1786 lallunt
378 1735 566 1802 vetustatem,
585 1728 668 1786 sicuti
686 1721 833 1787 Faecenia
849 1735 957 1787 etcum
973 1744 1007 1786 ea
1022 1723 1074 1786 bo·

1 1855 3 1894 ,
67 1827 139 1871 reas
155 1804 330 1888 Biturigiaca
348 1811 431 1872 acino
445 1811 555 1887 rarior,
580 1829 731 1890 numquam
749 1810 829 1871 lloris
847 1808 981 1887 obnoxii,
1003 1824 1073 1890 quc-

1 1971 2 1974 *
67 1897 145 1956 uiam
166 1913 227 1956 ooo
247 1896 404 1974 favonium
426 1897 601 1956 antecedunt
622 1897 775 1976 ventisque
805 1904 834 1956 et
863 1893 1001 1956 imbribus
1029 1912 1074 1956 re·
1156 1894 1162 1910 ‘

27 1979 188 2059 zosimum,
210 1979 349 2040 meliores
366 1989 461 2040 muron
476 1980 640 2058 algentibus
662 1981 736 2040 locis
755 1998 839 2058 quam
861 1979 980 2055 calidis,
1004 1981 1074 2039 umi-

1 2113 2 2126 2
68 2065 116 2124 dis
144 2080 228 2142 quam
255 2065 426 2124 sitientibus.
473 2065 577 2124 visulla
607 2065 708 2139 grandi
743 2064 835 2139 magis
852 2079 947 2142 guam
979 2063 1116 2126 densobil

1 2137 2 2198 Ϊ
28 2199 30 2202 .
66 2165 188 2208 warum
219 2157 320 2228 parto,
352 2146 660 2225 inpatiens'variantis
691 2145 783 2221 caeli,
819 2144 872 2203 sed
899 2153 999 2204 comma
1031 2156 1073 2205 te·

66 2247 172 2292 norem
192 2241 276 2292 unum
296 2231 406 2308 algoris
429 2237 565 2290 aestusve
588 2238 734 2289 constans.
766 2243 841 2306 quae
863 2228 956 2287 minor
973 2237 1019 2286 est
1036 2245 1074 2287 ex

67 2333 108 2376 eo
123 2333 234 2392 genere
248 2315 361 2374 melior.
391 2315 420 2373 in
435 2314 573 2390 eligendo
593 2312 659 2372 solo
674 2329 791 2372 morosa
806 2311 905 2390 pingui
921 2313 1071 2390 putrescit,

26 2399 173 2479 sagraeili
196 2401 311 2460 omniuo
338 2415 394 2458 nou
420 2391 563 2476 provenit.
603 2397 726 2456 mediam
755 2397 925 2474 temperiem
939 2393 1074 2462 ‚delicate

21 2539 33 2550 ,
65 2485 198 2564 quaerit,
215 2484 255 2543 ob
266 2484 323 2543 boc
338 2482 452 2543 Sabinis
463 2481 589 2542 collibus
599 2481 757 2542 familiario.
789 2498 845 2540 ura
857 2479 920 2540 eius
935 2479 1073 2542 indecora

64 2569 149 2644 rba,
172 2583 281 2645 sapore
306 2563 438 2626 iucunda.
473 2567 528 2626 nisi
547 2573 657 2627 matura
681 2566 812 2646 protinas
835 2563 962 2644 rapitur,
988 2567 1074 2632 etiam

64 2669 126 2712 non
141 2659 314 2730 putrescens
330 2651 416 2711 cadit.
449 2660 549 2712 contra
566 2651 721 2730 grandines
737 2667 801 2710 eam
822 2658 919 2710 tuetur
938 2647 1073 2710 loliorum

66 2736 230 2814 amplitudo
247 2744 335 2815 atque
351 2736 462 2796 duritia.
488 2735 544 2815 [a]
563 2735 697 2813 lusignes
713 2735 768 2795 iam
789 2733 891 2794 colore
908 2736 984 2796 inter
1004 2752 1070 2814 por·
1081 2743 1116 2799 ²9

25 2833 178 2901 aopureas
192 2821 350 2900 nigrasque
369 2820 506 2880 helvolae
520 2821 640 2898 saepius
656 2819 803 2880 variantes
825 2827 855 2878 et
876 2815 914 2882 ob
934 2819 963 2878 id
980 2819 1072 2878 varia·

64 2923 124 2966 nae
138 2923 155 2964 a
171 2905 343 2983 quibusdam
357 2905 534 2984 appellatae.
565 2903 731 2986 praefertur
747 2903 775 2962 in
790 2901 834 2962 luis
849 2903 975 2981 nigrior,
996 2910 1073 2960 utra-

65 3002 126 3069 qae
142 2990 262 3050 alternis
278 2989 358 3050 anuis
374 2989 495 3064 fertilis,
515 2987 568 3048 sed
583 2989 687 3049 melior
701 2987 785 3066 vino,
804 3005 868 3048 cum
884 2987 1009 3066 parcior.
1036 2983 1074 3044 Et
1118 3037 1120 3042 .

66 3077 207 3154 praeciae
223 3075 280 3135 due
298 3090 409 3150 genera
423 3071 618 3150 magnitudine
639 3071 714 3132 acini
730 3069 945 3146 distomuntur,
969 3068 1072 3148 quibus
1123 3129 1129 3137 ,

64 3159 205 3218 materies
220 3158 351 3237 pluruma
366 3173 482 3236 uvaque
498 3154 564 3216 ollis
579 3156 745 3233 utilissima,
767 3153 867 3216 folium
884 3155 951 3232 apio
967 3153 1070 3215 simile.

26 3247 54 3304 aa
64 3243 213 3303 Baliscam
227 3241 400 3302 Durracbini
412 3240 577 3317 celebrant,
593 3239 748 3319 Hispaniae
765 3237 937 3301 coccolobin
952 3239 1066 3300 vocant.
1079 3247 1116 3305 30
1182 3306 1187 3310 .

64 3327 163 3388 rarior
184 3344 240 3386 ova
261 3333 359 3384 aestus
383 3335 557 3404 austrosque
580 3323 704 3402 tolerat,
727 3325 816 3404 capiti
834 3323 962 3398 inimica,
987 3324 1072 3400 copia

65 3413 161 3488 larga.
178 3409 334 3488 lllspaniae
347 3408 404 3469 duo
416 3427 525 3488 genera
537 3411 599 3469 eius
611 3408 727 3481 iaciunt,
740 3425 824 3469 uuum
836 3406 965 3484 oblongo
975 3407 1069 3484 acino,
1159 3448 1163 3473 ;

65 3495 191 3556 alterum
221 3492 356 3553 rotundo.
392 3495 565 3554 nodseimas
588 3493 770 3554 vindemiant.
810 3508 867 3570 quo
890 3490 1002 3552 dulcior
1024 3501 1070 3552 est

112 3601 180 3638 euru.
196 3599 259 3638 nur.
274 3599 342 3640 rsusr.
361 3582 393 3638 ΙΙ.
869 3577 907 3638 17
936 3581 938 3588 ’
