2444 3908
293 225 532 274 1111111111.
556 225 675 279 12—19.
694 214 842 301 (us—ur.)
1008 221 1065 318 127

61 379 179 461 dicunt,
195 377 294 440 Labeo
310 379 537 458 prohibitoriam.
574 391 603 442 et
619 384 694 461 apud
709 380 852 461 Nigidium
869 387 947 446 subis
966 391 1065 468 appel-

60 463 141 522 latur
157 463 218 522 avis
236 481 310 542 qnae
326 464 484 543 aquilarum
506 483 560 526 ova
578 467 701 544 frangat.
749 469 796 527 15.
821 471 892 530 Sunt
913 482 1067 549 praeterea
1112 511 1115 518 =

61 547 207 626 conplura
229 567 340 624 genera
355 550 477 628 'depicta
499 552 527 609 in
548 549 671 612 Etrusca
694 551 844 632 disciplina
868 556 921 615 sed
943 555 994 614 ulli
1010 574 1067 617 non

59 632 143 706 visa,
167 650 240 710 quae
263 633 338 692 nuno
360 633 506 694 deiecisse
526 638 625 694 mirum
650 646 711 713 est,
736 654 799 698 oum
821 637 964 698 abundent
982 642 1066 702 etiam

34 731 142 794 cquae
158 717 225 792 gula
240 716 361 776 humana
377 719 538 797 populatur.

130 800 177 859 16.
202 799 285 880 (18.)
309 799 501 861 Externcrum
520 804 557 862 de
574 806 700 880 auguriis
717 807 893 884 peritissime
907 808 1061 886 scripsisse
1074 817 1109 872 38

58 883 155 958 Hylas
176 886 289 946 nomine
311 895 433 964 putatur.
470 888 494 944 is
518 887 602 948 tradit
623 898 773 966 noctuam,
791 890 953 967 bubonem,
971 893 1066 970 picum

59 967 188 1028 arbores
205 978 363 1045 cavantem,
377 979 539 1048 trygonum,
557 973 702 1032 cornicem
715 991 730 1034 a
743 975 833 1034 cauda
848 974 885 1034 de
900 993 956 1035 ovo
974 977 1065 1052 exire,

59 1053 200 1130 quoniam
216 1053 346 1130 pondere
370 1057 493 1133 capitum
514 1073 655 1134 perversa
671 1074 726 1118 ova
742 1059 935 1137 posteriorem
956 1069 1066 1137 partem

22 1160 48 1202 so
58 1153 220 1214 corporum
235 1137 486 1199 fovendammatri
502 1139 657 1218 adplicent.
786 1144 790 1151 '

130 1221 177 1278 17.
203 1221 285 1300 (19.)
306 1219 480 1282 Noctuarum
500 1234 599 1284 contra
616 1227 677 1284 avis
692 1225 801 1284 sollers
820 1226 972 1286 dimicatio.
1004 1237 1118 1292 111-39·

56 1308 127 1365 iore
153 1305 344 1365 circumdatae
370 1307 546 1368 multitudine
568 1310 723 1387 resupinae
746 1309 867 1386 pedibus
893 1321 1063 1389 repugnant,

58 1389 270 1466 collectaeque
300 1392 327 1448 in
351 1400 440 1450 artum
469 1401 565 1451 rostro
591 1401 620 1450 et
644 1391 787 1468 unguibus
813 1403 891 1453 totae
920 1403 1063 1471 teguntur.

57 1473 218 1533 auxiliatur
232 1475 374 1552 accipiter
389 1475 516 1552 collegio
536 1476 659 1553 quodam
679 1486 797 1536 naturae
819 1477 985 1555 bellumque
1001 1496 1064 1556 par·

24 1575 48 1617 11
58 1560 142 1617 titur.
174 1566 294 1616 noctuas
309 1561 465 1635 sexagenis
485 1557 585 1618 diebus
609 1559 710 1619 hiemis
727 1560 834 1620 cubare
850 1565 881 1620 et
894 1578 997 1620 novem
1013 1579 1064 1621 vo-

60 1659 116 1702 ces
132 1640 242 1700 habere
256 1641 341 1701 tradit
355 1639 497 1719 Nigidius.
818 1699 820 1703 ,

130 1722 179 1784 18.
210 1724 293 1805 (20.)
324 1727 395 1786 Sunt
421 1736 452 1786 et
471 1745 579 1804 parvae
600 1745 669 1787 aves
692 1745 828 1788 uncorum
854 1731 1007 1808 unguium,
1031 1740 1107 1794 11141

57 1809 121 1888 pici
137 1805 240 1868 lilartio
257 1813 429 1887 cognomine
447 1812 574 1888 insignes
591 1821 620 1871 et
637 1813 666 1870 in
683 1813 819 1890 auspiciis
834 1816 938 1892 magni.
964 1832 1022 1893 quo
1037 1817 1065 1875 in

56 1911 174 1972 genere
196 1892 329 1960 arborum
359 1906 510 1956 cavatores
531 1897 705 1956 scandentes
727 1899 755 1954 in
775 1896 944 1976 subreptum
965 1899 1065 1959 felium
1099 1939 1100 1942 κ

21 1977 166 2051 uomodo,
182 1977 223 2037 illi
237 1995 309 2037 vero
329 1988 358 2038 et
374 1981 467 2056 supini
483 1981 616 2058 percussi
630 1982 747 2040 corticis
759 1997 831 2039 sono
847 1982 983 2059 pabulum
999 1984 1064 2043 snb·
1130 1984 1136 2002 “

58 2080 132 2123 esse
148 2061 327 2138 intellegunt.
355 2064 452 2143 pullos
467 2066 494 2123 in
510 2067 589 2137 cavis
603 2065 725 2124 educant
740 2066 831 2123 avium
843 2066 908 2125 soli.
946 2067 1065 2126 adactos

58 2148 198 2207 cavernis
214 2163 312 2206 eorum
323 2165 338 2206 a
351 2157 469 2226 pastore
486 2148 723 2206 cuneosadmota
735 2149 855 2224 quadam
868 2148 903 2206 ab
918 2149 963 2208 his
975 2149 1065 2209 herba

58 2231 141 2291 elabi
161 2231 288 2290 creditur
304 2231 402 2308 vulgo.
436 2230 558 2290 Trebius
581 2239 748 2288 auctorest
771 2231 884 2289 clavom
908 2250 1064 2290 cuneumve
1111 2251 1113 2257 ’

58 2315 195 2374 adustum
213 2323 315 2392 quanta
340 2316 429 2375 libeat
450 2317 477 2373 vi
494 2315 591 2373 arbori
614 2315 643 2371 in
663 2331 717 2391 qua
738 2313 831 2384 nidum
849 2314 956 2374 habeat
972 2316 1065 2374 statim

23 2414 49 2454 us
59 2399 185 2459 exsilire
203 2417 265 2458 cnm
283 2401 394 2476 crepitu
415 2397 543 2472 arboris3
560 2415 623 2456 cum
640 2397 779 2456 insederit
798 2397 882 2457 clavo
898 2407 946 2458 aut
961 2415 1063 2458 cuneo.

58 2480 123 2561 lpsi
139 2483 318 2561 principales
333 2483 413 2542 Latio
431 2491 495 2542 sunt
510 2484 539 2541 in
555 2481 682 2559 auguriis
697 2499 713 2541 a
728 2499 801 2558 rege
817 2483 864 2559 qui
880 2499 982 2542 nomen
996 2483 1062 2542 huic
1074 2493 1106 2547 41

59 2567 109 2626 avi
137 2565 225 2626 dedit.
262 2583 346 2626 unum
369 2585 468 2629 eorum
490 2567 666 2644 praescitum
688 2568 809 2625 transire
830 2583 887 2626 non
910 2584 995 2644 queo.
1034 2567 1066 2626 ln

60 2650 161 2728 capite
178 2653 320 2727 praetoris
335 2651 436 2710 urbani
450 2650 516 2712 Aeli
535 2649 696 2709 Tuberonis
711 2651 739 2708 in
754 2650 820 2709 loro
834 2651 894 2710 iura
909 2669 962 2729 pro
977 2652 1065 2712 tribu-

58 2733 121 2793 nali
143 2733 292 2792 reddentis
310 2734 383 2794 sedit
406 2738 444 2794 ita
468 2735 582 2814 placide
599 2744 630 2794 ut
650 2753 732 2794 mann
748 2734 988 2812 prehenderetur.
1019 2754 1065 2794 re·

23 2833 48 2876 ao
57 2817 214 2896 spondere
226 2826 312 2878 vates
329 2819 445 2878 exitium
465 2820 586 2899 imperio
602 2819 752 2896 portendi,
775 2819 799 2878 si
814 2818 1020 2893 dimitteretur,
1037 2827 1066 2877 at
1143 2847 1149 2850 ·

58 2905 84 2962 si
102 2903 333 2977 exanimaretur,
350 2905 488 2980 praetori.
520 2913 549 2962 et
569 2902 620 2962 ille
640 2921 723 2962 avem
736 2902 870 2979 protinus
887 2902 1063 2979 concerpsit,
1167 2953 1170 2966 Κ

56 3004 119 3046 nec
133 2985 225 3044 multo
241 2995 309 3064 pust
322 2987 444 3064 inplevit
459 2982 629 3065 prodigium.

126 3069 210 3148 (21.)
233 3069 397 3130 Vescuntur
413 3080 442 3130 et
456 3071 563 3148 glande
579 3071 607 3129 in
623 3071 680 3130 hoc
698 3089 808 3148 genere
826 3073 977 3149 pomisque
991 3067 1061 3126 mul·
1073 3078 1108 3131 42

56 3166 126 3230 tae,
144 3155 198 3214 sed
215 3172 288 3233 qnae
306 3173 392 3216 carne
407 3163 585 3214 tantumnon
600 3156 715 3230 vivont,
734 3164 859 3233 excepto
874 3154 972 3226 milvo,
990 3151 1065 3229 quod

25 3243 158 3319 scipsum
179 3240 207 3298 in
227 3239 357 3317 auguriis
378 3239 469 3299 dirum
492 3247 545 3297 est.
593 3239 640 3299 19.
671 3237 770 3300 Uncus
795 3239 896 3315 unguis
923 3235 1064 3296 habentes

60 3326 180 3384 omuino
196 3341 252 3384 nou
270 3332 501 3401 congregantur,
520 3330 548 3380 et
570 3320 623 3381 sibi
640 3339 771 3401 quaeque
787 3321 969 3401 praedantur.
1002 3327 1066 3377 sunt

61 3415 160 3467 autem
177 3425 276 3467 ornnes
293 3409 357 3468 fere
373 3407 511 3466 altivolae
529 3415 646 3485 praeter
664 3417 834 3482 nocturnas,
858 3414 886 3463 et
902 3405 993 3480 magis
1009 3421 1065 3462 ma·

61 3492 154 3550 iores.
200 3493 330 3552 omuibus
352 3491 417 3552 alae
439 3491 581 3569 grandes,
612 3507 719 3570 corpus
741 3493 884 3567 exiguum.
923 3487 1067 3548 ambulant
