2462 3900
156 129 217 191 232
512 138 542 187 c.
558 138 819 188 rnrnrsnconnr

126 301 272 374 udedalt,
296 299 321 358 si
341 311 398 356 non
421 304 486 356 sunt
504 294 579 356 haec
599 294 703 356 addita.
733 292 953 370 Unguentonna
973 293 1168 374 expeditiu'-

156 403 229 444 mum
252 382 304 442 luit
324 382 517 461 primamque,
542 388 573 437 ιιι
586 377 744 439 verisimile
767 387 826 451 est,
849 377 954 452 ebryo
973 387 1003 438 et
1023 377 1169 436 balanino

118 473 159 550 ὣς»,
174 469 259 542 oleo,
277 465 312 525 de
330 464 433 545 quibus
449 481 536 542 supra
551 461 683 522 diximus.
720 463 842 522 increuit
857 461 962 522 deinde
977 460 1169 522 Mendesium

114 578 148 612 ιιι
158 550 301 625 balanino,
316 549 425 623 resina,
440 565 544 623 murra,
560 548 709 624 magisque
725 548 877 606 etiamnum
890 548 1029 624 metopio.
1063 545 1168 606 oleon

75 635 76 640 ’
155 638 211 697 hcc
224 644 268 696 est
290 631 450 709 amypdalis
467 632 570 691 amaris
590 647 762 710 expressum
781 632 810 688 in
831 629 986 708 Aegypto,
1009 631 1058 689 oui
1080 630 1187 690 addi-s

36 717 37 729 ¹
156 722 226 782 dere
243 717 441 796 omphacium,
458 715 687 790 cardamomum,
703 715 834 790 iuncum,
851 713 1005 788 calarnnm,
1020 713 1101 789 mel,
1125 715 1166 772 ri·

155 821 237 877 num,
256 817 395 876 murram,
422 817 522 860 semen
541 799 679 872 balsami,
697 799 869 876 galbanum,
884 801 1008 858 resinam
1029 797 1166 858 terebin-
1222 827 1223 830 ¹

127 890 270 950 9thinam.
301 883 483 944 Erilissimis
501 883 616 962 quidem
631 882 778 961 hodieque
794 893 858 958 est,
875 883 913 943 cb
928 883 955 943 id
971 883 1122 943 creditum
1138 891 1166 941 et
1215 903 1220 914 ·

156 975 183 1030 in
203 968 406 1030 vetustissimis
429 985 513 1043 esse,
541 968 618 1046 qnod
640 976 754 1026 constat
775 967 844 1026 oleo
869 975 1000 1042 myrteo,
1034 967 1165 1041 calamo,

156 1069 317 1132 cupresso,
334 1067 443 1129 cypro,
461 1052 602 1128 lentisco,
624 1050 690 1111 mali
710 1053 821 1128 granati
837 1054 957 1110 cortice.
987 1050 1043 1111 sed
1069 1051 1193 1112 disci-a

156 1147 223 1215 gata
235 1151 367 1195 maxume
379 1145 525 1212 unguenta
538 1135 711 1196 crediderim
725 1153 803 1210 rosa,
821 1153 896 1213 quae
907 1136 1038 1213 pluruma
1051 1135 1165 1213 ubique

155 1221 290 1300 gignitur.
321 1222 419 1299 itaque
447 1220 658 1298 simplicissima
683 1219 796 1280 rhodini
822 1221 944 1280 mixtura
963 1218 1013 1279 diu
1034 1219 1094 1278 fuit
1116 1219 1163 1279 ad·

157 1307 223 1365 ditis
245 1303 418 1384 omphacio,
449 1304 522 1364 flore
548 1321 653 1379 rosae,
682 1305 817 1378 crocino,
841 1302 1002 1378 cinnabari,
1033 1303 1161 1377 calamo,

113 1403 147 1455 10
157 1390 261 1465 melle,
282 1390 385 1464 iunco,
408 1389 477 1448 salis
492 1388 565 1448 dore
582 1397 630 1448 ant
650 1387 792 1462 anchusa,
813 1390 890 1448 vino.
922 1385 1023 1448 similis
1038 1389 1118 1446 ratic
1137 1395 1163 1447 et

155 1478 183 1534 in
205 1475 324 1534 crocino
345 1473 447 1533 additis
471 1472 635 1547 cinnabari,
661 1471 804 1547 anchusa,
831 1473 908 1530 vino.
950 1471 1053 1532 similis
1080 1481 1112 1531 et
1135 1474 1190 1530 inu

155 1557 358 1635 sampsuchino
382 1557 513 1618 admixtis
535 1555 706 1635 omphacio,
730 1556 856 1616 calane·
888 1563 1036 1634 optumum
1060 1555 1122 1616 hoc
1135 1558 1162 1614 in

156 1637 270 1718 Cypro,
285 1639 446 1716 Mytilenis,
467 1641 516 1702 nbi
530 1637 659 1720 plururba
677 1639 877 1718 sampsuchus.
900 1642 1057 1700 miscentur
1075 1650 1108 1700 et
1122 1641 1162 1698 vi·

155 1726 228 1783 liora
243 1741 352 1800 genera
368 1725 427 1784 clei
443 1734 549 1800 myrto,
563 1726 654 1800 lauru,
671 1723 774 1802 quibus
789 1723 1161 1803 additursampsuehinnn,

154 1807 263 1882 lilium,
278 1806 376 1868 lenum
392 1808 553 1885 Graecum,
571 1826 682 1885 marra,
700 1809 796 1885 casia,
811 1809 946 1884 nardum,
963 1809 1087 1882 iuncus,
1103 1811 1161 1867 cin·
1219 1817 1224 1828 “

113 1901 145 1955 11
159 1907 328 1950 namomnm.
365 1909 381 1950 e
402 1891 485 1952 malis
501 1909 618 1970 quoque
637 1894 770 1953 cotoneis
785 1901 819 1952 et
843 1893 980 1952 strutheis
998 1892 1031 1951 lit
1048 1892 1188 1966 oleumn

112 1997 182 2038 aaa
194 1983 223 2033 ut
243 1973 389 2050 dicemus,
417 1975 566 2052 melinum,
589 1977 666 2055 quod
691 1979 719 2036 in
737 1985 883 2054 argaeum
902 1977 1002 2036 transit
1025 1975 1159 2036 admixtis

156 2059 326 2137 omphacio,
350 2058 489 2138 cyprino,
513 2063 673 2137 sesamino,
696 2061 844 2137 balsamo,
868 2062 971 2135 iunco,
987 2063 1087 2136 casia,
1112 2061 1159 2119 ba·

155 2139 290 2202 brotona.
327 2145 459 2204 Susinnm
479 2147 675 2205 tenuissimum
699 2147 822 2204 omniurn
838 2153 895 2204 ast.
927 2153 1042 2204 cunstat
1066 2163 1107 2202 es
1128 2144 1158 2203 li·

154 2226 216 2302 liis,
239 2227 391 2303 balanino,
417 2230 547 2306 calamo,
563 2229 669 2305 melle,
693 2232 888 2305 cinnamomo,
918 2225 1023 2303 croco,
1051 2245 1157 2288 murra.

30 2382 32 2386 y
112 2320 144 2372 12
157 2320 186 2369 et
204 2312 280 2371 idem
295 2315 445 2390 cyprinum
464 2331 502 2373 ex
523 2330 615 2392 cypro
630 2322 660 2372 et
675 2306 828 2391 omphacio
847 2321 877 2372 et
891 2308 1094 2386 cardamomo,
1112 2325 1187 2372 ca-ra

153 2393 248 2470 lamo,
277 2396 445 2474 aspalatho,
471 2397 645 2456 habrotono.
673 2397 762 2475 aliqui
784 2407 813 2456 et
834 2400 863 2456 in
884 2398 1034 2475 cyprinum
1051 2396 1158 2456 addunt

154 2487 183 2534 et
199 2495 320 2538 murram
331 2487 360 2537 et
377 2497 526 2556 panacem.
558 2481 615 2540 hoc
631 2490 776 2559 optumum
788 2480 913 2555 Sidone,
929 2480 1156 2558 moxhegypto,

154 2559 178 2616 si
194 2573 252 2618 non
267 2562 389 2623 addatur
403 2566 574 2624 sesaminum
587 2565 692 2624 oleum.
715 2564 798 2644 durat
812 2573 841 2624 et
854 2564 1054 2644 pradriennio.
1079 2566 1156 2623 exei-

113 2652 147 2706 13
158 2651 234 2701 tatur
248 2647 436 2708 cinnamomo.
471 2647 602 2708 'lelinum
625 2649 656 2708 lit
678 2649 795 2709 excleo
811 2652 941 2725 recenti,
966 2649 1087 2726 cypiro,
1111 2665 1156 2707 ca-

154 2726 246 2801 lamo,
263 2728 412 2806 meliloto,
437 2730 504 2792 leno
524 2732 654 2807 Gracco,
671 2732 776 2807 melle,
800 2749 897 2808 maro,
922 2748 1066 2794 amaraco.
1099 2731 1186 2791 hocas

154 2813 243 2871 multo
271 2816 340 2872 erat
365 2814 586 2877 celeberrimum
611 2815 761 2877 Menandri
788 2825 893 2895 poetae
922 2817 1025 2876 conici
1049 2824 1153 2874 aetate.

153 2906 256 2974 possm
269 2901 425 2958 'successit
444 2911 565 2980 propter
585 2901 709 2979 gloriam
730 2901 907 2980 appellatum
927 2898 1098 2978 megalium,
1119 2916 1155 2960 cx

153 2980 221 3040 oleo
233 2981 385 3056 balanino,
402 2983 548 3062 balsamo,
567 2985 695 3062 calamo,
711 2986 812 3061 iunco,
830 2984 1048 3065 xylobalsamo,
1065 2983 1153 3058 casia,

7 3111 9 3160 t
152 3067 258 3126 resina.
298 3066 381 3126 huius
407 3072 573 3146 proprietas
601 3079 631 3129 ut
652 3065 807 3130 vendictur
827 3071 856 3128 in
879 3069 1036 3148 mouendo
1061 3065 1155 3127 donec

7 3195 9 3210 ι
112 3147 266 3209 reaestuat
282 3149 373 3214 olere.
398 3169 497 3211 rursus
517 3154 720 3231 refrigeratum
741 3154 862 3214 odorem
883 3169 965 3214 enum
980 3153 1065 3231 capit.
1093 3153 1184 3215 Sia-ss

153 3233 213 3308 guli
228 3249 346 3313 quoque
365 3238 426 3296 suci
442 3237 550 3298 nobilia
563 3247 708 3315 unguenta
722 3239 845 3299 iaciunt:
871 3240 899 3297 in
914 3239 1012 3317 primis
1026 3236 1151 3296 maloba-

153 3314 260 3392 thrum,
283 3327 388 3396 postea
408 3321 458 3381 iris
474 3320 591 3396 lllyrica
609 3332 637 3382 et
653 3321 797 3398 Cyzicena
812 3338 978 3397 amaracus,
1001 3320 1151 3380 herbarum

153 3405 284 3475 utraque.
320 3421 413 3482 pauca
431 3401 476 3467 his
497 3415 527 3466 et
550 3405 607 3467 alia
625 3407 672 3467 alii
689 3409 827 3483 miscent,
852 3409 899 3486 qai
920 3407 1052 3485 pluruma
1068 3404 1150 3465 altar·
