2444 3910
185 13 259 66 ιθ.

279 155 359 204 ΤΤΤ.
375 155 464 204 nisa.
481 155 540 201 ΤΤΤ.
553 151 671 206 13-16
687 107 861 224 (tt—15).
1022 147 1059 212 13

37 311 169 370 fructus
180 308 314 370 arborum
328 265 432 388 quibus
447 309 572 374 insidere
589 309 740 385 decidunt,
764 314 948 390 speculorum
962 315 1061 393 fulgor

39 393 231 471 adspectu
222 409 286 472 rpso
308 392 477 468 hebetatur,
504 393 582 452 acies
601 393 672 452 ierri
698 399 935 475 praestringitur,
961 400 1060 459 eboris

39 479 146 552 nitor,
172 477 229 536 alvi
252 479 346 576 apiqm
365 479 556 551 emoriuntur,
584 495 635 536 aes
662 479 748 540 etiam
775 497 809 540 ac
829 479 936 548 ferrum
953 483 1058 560 robigo

40 564 189 640 protinus
204 563 329 640 corripit
345 562 476 640 odorque
493 561 588 636 dirus,
605 570 634 621 et
650 562 678 620 in
689 561 798 622 rabiem
809 575 931 642 aguntur
942 577 1071 644 gustato*

18 662 88 705 seo
114 664 209 706 canes
229 655 315 725 atque
336 645 486 706 insanabili
507 660 621 714 veneno
642 663 755 706 morsus
776 647 907 708 inlicitur.
942 652 1009 727 quin
1030 661 1059 710 et
1067 661 1101 716 65

42 731 222 790 bituminum
244 737 357 808 sequar
380 730 507 807 alioquin
527 747 562 788 ac
583 729 661 790 lenta
679 739 778 792 natura
798 733 828 792 in
848 731 913 793 lacu
932 733 1057 794 Iudaeae

44 814 99 892 qni
115 819 241 873 vocatur
252 813 415 891 Asphaltite
433 823 461 873 et
476 822 558 874 certo
573 823 705 892 tenpore
721 817 786 886 anni
799 815 986 894 supernatans
1002 835 1060 876 nnn

45 900 113 976 quit
132 897 190 956 sibi
210 895 297 958 avelli
319 898 354 958 ad
370 916 482 958 omnem
499 907 661 968 contactum
680 898 840 960 adhaerens
857 911 1059 980 praeterquam

47 982 103 1041 iilo
115 981 197 1060 qnod
208 982 265 1044 tale
278 984 357 1042 virus
369 983 511 1043 iniecerit.
538 983 623 1042 etiam
637 982 781 1058 formicis,
798 984 911 1048 animali
923 987 1057 1064 minume,

10 1083 36 1128 ΤΤ
47 1069 154 1125 inesse
171 1084 286 1126 sensum
307 1067 368 1126 eius
385 1067 499 1141 lerunt,
520 1066 653 1144 abicique
675 1076 804 1142 gestatas
820 1067 920 1146 fruges
936 1087 991 1130 nee
1007 1087 1057 1148 po·

48 1160 117 1209 stea
139 1153 246 1228 repeti.
277 1160 306 1210 et
319 1151 376 1210 boc
396 1150 455 1211 tale
477 1159 640 1228 tantumque
663 1151 794 1211 omuibus
816 1153 934 1215 tricenis
956 1152 1102 1218 diehnsbb

47 1234 159 1294 malum
174 1236 203 1294 in
217 1234 338 1294 muliere
355 1235 468 1294 exsistit
489 1245 517 1294 et
533 1236 668 1295 trimestri
684 1236 778 1314 spatio
795 1236 920 1314 largius,
944 1237 1058 1316 quibus·

48 1318 120 1380 dam
140 1335 213 1378 vero
233 1321 350 1396 saepius
371 1337 488 1394 mense,
510 1320 587 1378 sicut
601 1317 705 1396 aliquis
719 1338 880 1399 numquam.
916 1323 968 1382 sed
984 1321 1058 1382 tales

49 1419 111 1461 non
123 1404 258 1479 gignunt,
275 1402 389 1481 qnando
404 1404 478 1464 baec
494 1412 539 1462 est
549 1403 716 1478 generando
728 1404 834 1464 bomini
846 1407 975 1482 materie,
991 1424 1057 1482 ger·

14 1507 40 1550 rs
51 1487 131 1557 mine
152 1486 307 1548 emaribus
324 1487 439 1584 coaguli
453 1489 539 1550 modo
554 1487 637 1546 boc'
629 1504 657 1546 m
674 1506 741 1547 sese
759 1488 957 1576 glomerante,
981 1488 1058 1568 quod

52 1570 160 1629 deinde
176 1580 308 1648 ternpore
325 1569 391 1648 ipso
403 1573 541 1631 animatur
555 1581 795 1649 corporaturque.
825 1592 897 1650 ergo
914 1592 978 1633 cnm
993 1593 1057 1652 gra·

51 1653 130 1724 vidis
152 1654 249 1730 duxit,
272 1654 388 1716 invalidi
411 1666 534 1715 autnon
556 1655 660 1714 vitales
683 1665 781 1734 partus
806 1658 927 1717 eduntur
944 1667 991 1717 aut
1012 1677 1056 1717 sa·

53 1740 146 1812 niosi,
168 1748 212 1797 ut
218 1749 319 1798 auctor
333 1749 377 1800 est
398 1738 540 1817 Nigidius.
562 1773 603 1784 —-
637 1739 684 1799 16.
637 1739 783 1800 iidem
799 1741 844 1802 lac
861 1741 984 1801 feminae
1000 1753 1098 1808 non67
1181 1782 1184 1794 ·

54 1825 201 1900 cormmpi
217 1822 305 1882 alenti
321 1832 448 1902 parturn,
470 1825 493 1882 si
512 1843 549 1883 ex
567 1824 669 1884 eodem
684 1825 746 1884 viro
762 1843 860 1887 rursus
877 1827 1055 1904 conceperit,

17 1905 218 1968 toarbitratur.
232 1941 275 1952 -
298 1907 381 1986 (14.)
399 1910 554 1987 incipiente
568 1916 663 1968 antem
679 1908 735 1968 boc
752 1915 826 1968 statu
843 1919 889 1970 aut
906 1909 1056 1973 desinente

56 1999 216 2069 conceptus
232 1991 360 2051 facillimi
376 1992 531 2052 traduntur.
558 1991 753 2052 Fecunditatis
768 1994 797 2051 in
812 1993 924 2054 feminis
937 2012 1056 2072 praero-

54 2078 180 2151 gativam
200 2077 366 2154 accepimus
381 2077 505 2136 inunctis
519 2075 707 2136 medicamine
726 2075 819 2136 oculis
837 2077 1056 2142 ΤΤ11ΤΤΤΤ1Τ11Τ1Ι

119 2159 202 2238 (15.)
226 2157 360 2220 Ceterum
376 2160 460 2220 editis
476 2163 618 2237 primores
634 2169 766 2236 septumo
778 2177 878 2220 mense
891 2162 970 2237 gigni
987 2161 1098 2226 den-68

55 2245 109 2319 tis,
133 2245 270 2321 priusque
287 2246 315 2303 in
326 2262 432 2322 supera
446 2244 510 2302 lere
523 2252 622 2320 parte,
638 2241 708 2300 baut
719 2241 832 2301 dubium
845 2253 905 2318 est,
923 2252 1055 2320 septumo

22 2345 48 2386 a>
58 2327 176 2387 eosdem
192 2327 328 2388 decidere
343 2345 417 2387 anno
433 2327 564 2404 aliosque
580 2325 691 2400 sollici,
708 2325 847 2402 quosdam
865 2336 893 2387 et
909 2345 972 2387 cum
988 2328 1056 2388 den-

58 2411 133 2470 tibus
147 2413 242 2486 nasci,
264 2413 338 2472 sicut
353 2411 401 2472 Μ’.
420 2409 534 2472 Curium
549 2412 598 2490 qni
613 2409 651 2468 ob
668 2410 697 2470 id
715 2409 855 2470 Dentatus
872 2415 1055 2489 cognomina·

58 2505 103 2554 tus
127 2504 187 2570 est,
212 2505 242 2555 et
264 2495 316 2556 Gn.
341 2495 483 2574 Papirium
505 2492 682 2569 Carbonem,
708 2494 877 2572 praeclaros
898 2497 986 2556 viros.
1028 2499 1057 2556 in

59 2579 169 2639 leminis
196 2597 231 2638 ea
257 2597 305 2640 res
328 2581 498 2658 inauspicati
518 2579 569 2638 luit
592 2579 717 2658 exempli
741 2597 841 2656 regum
865 2582 1053 2659 temporibus.

61 2681 122 2722 curn
137 2666 174 2722 ita
188 2672 254 2723 nata
268 2673 347 2724 esset
362 2662 496 2737 Valeria,
521 2664 609 2724 exitio
627 2663 734 2722 civitati
753 2665 781 2722 in
797 2682 881 2742 quam
899 2665 994 2725 delata
1011 2685 1055 2725 es·
1064 2676 1097 2730 69

25 2761 50 2803 ao
60 2756 105 2807 set
115 2747 233 2809 futuram
246 2765 389 2826 responso
400 2750 562 2826 aruspicum
570 2749 744 2808 vaticinante
752 2748 889 2809 Suessam
900 2748 1056 2810 Pometiam

60 2832 109 2892 illa
130 2841 300 2909 tempestate
320 2833 549 2894 florentissimam
572 2833 724 2910 deportata
741 2840 801 2907 est,
824 2833 965 2893 veridico
977 2835 1055 2892 exitu

62 2925 226 2976 consecuto.
240 2949 281 2962 —-
297 2915 441 2990 Quasdam
453 2924 590 2976 concreto
602 2912 721 2991 genitali
732 2917 812 2993 gigni
805 2917 948 2978 'infausto
962 2919 1055 2976 omine

63 2997 193 3060 Cornelia
200 2999 396 3064 Gracchorum
405 3009 496 3060 mater
508 2999 613 3060 indicio
626 3008 679 3062 est.
690 3030 732 3043 -
742 2999 879 3077 Aliqui
852 3020 917 3061 vnce
930 3001 1055 3061 dentium

63 3085 192 3143 continuo
218 3101 287 3144 osse
313 3075 483 3182 gignuntri'r,
510 3084 596 3144 sicuti
615 3081 734 3154 Prusiae
754 3086 833 3160 regis
859 3083 1055 3158 Bitbyniorum

9 3159 134 3226 attilius
154 3183 280 3246 superna
295 3177 376 3246 parte
398 3170 466 3227 oris.
497 3167 608 3226 Dentes
630 3177 724 3226 autern
745 3176 851 3228 tanturn
872 3169 969 3228 invicti
989 3177 1097 3232 santio

62 3251 185 3352 ignibus,
201 3271 257 3312 nec
272 3261 434 3312 cremantur
450 3270 514 3312 cnm
526 3251 639 3328 reliquo
660 3269 801 3328 corpore,
816 3251 959 3328 iidemque
975 3249 1052 3312 dam·

61 3338 113 3394 mis
125 3334 249 3396 indomiti
265 3345 402 3402 cavantur
422 3335 490 3396 tabe
512 3337 638 3414 pituitae.
675 3334 831 3396 candorem
852 3334 964 3394 trabunt
982 3354 1052 3414 quo-

62 3418 123 3480 dam
142 3420 337 3480 medicamine.
367 3438 421 3480 nso
442 3428 616 3494 atteruntur,
639 3420 788 3496 multoque
809 3420 928 3498 primum
952 3421 980 3480 in
1002 3421 1052 3481 ali·
