2444 3908
114 145 121 152 ’
144 171 204 234 tos
484 185 514 230 e.
533 183 629 230 rursu
646 181 796 230 sueonos

96 353 145 405 121
155 348 199 399 tas
212 341 315 417 sisque
326 339 355 400 in
366 336 462 397 tabem
474 339 644 416 margaritas
654 340 786 399 resolvit.
808 336 931 414 gerebat
946 333 1060 396 auribus
1079 353 1151 396 euru

136 441 267 482 maxume
283 422 431 500 singulare
446 422 516 482 illud
535 431 564 481 et
579 439 649 480 uere
661 425 773 482 unieum
796 431 915 482 naturae
934 437 1023 498 opus⁸¹
1041 421 1149 497 itaque

138 516 329 586 exspectante
346 507 472 566 Antonio
488 506 621 584 quidnam
639 516 718 566 esset
733 516 832 566 actura
844 505 1003 565 detractum
1019 503 1148 562 alterum

136 593 236 652 mersit
268 609 302 651 ao
325 591 511 669 liquelautum
538 588 697 650 obsorbuit.
739 592 837 649 iuieoil
853 588 947 648 -alteri
971 603 1086 646 manum
1111 588 1145 647 b.

136 675 274 750 Plancus,
291 673 378 734 iudex
402 674 567 752 sponsionis
589 675 669 749 eius,
693 693 758 733 eum
780 689 898 753 quoque
921 673 1033 752 paranti
1056 671 1173 732 similis

136 761 223 822 modo
249 758 418 833 absumere,
448 758 614 836 victumque
640 758 795 818 Antonium
821 757 1015 834 pronuntiavit
1046 757 1146 814 omine

135 853 208 902 rato.
242 842 393 901 comitatur
412 841 487 900 fama
508 843 620 900 unionis
650 845 713 901 eius
735 859 834 920 parem
861 850 944 940 oapta
970 839 1019 899 illa
1045 849 1145 900 tautae
1205 881 1209 885 -

136 927 314 1013 quaestionis
330 925 450 984 viotrioe
466 927 566 1002 regina
579 925 744 1002 dissectum,
758 935 788 985 nt
804 926 906 985 esset
897 944 926 984 ru
940 925 1072 1001 utrisque
1085 924 1145 983 Ve-

135 1013 214 1069 neris
230 1008 345 1068 auribus
364 1007 496 1067 Romae
488 1027 516 1067 m
536 1009 663 1069 Pantheo
680 1010 795 1070 dimidia
811 1025 911 1068 eorum
926 1026 1008 1068 eena.

94 1103 143 1157 lat
213 1091 299 1170 (59)
322 1091 388 1151 Nou
408 1092 503 1153 ferent
520 1101 614 1154 minen
630 1094 704 1154 huno
719 1095 859 1173 palmam,
882 1092 1145 1171 spoliabunturque
1156 1103 1180 1146 uo

136 1177 221 1236 etiam
237 1176 367 1236 luxuriae
391 1177 495 1254 gloria.
527 1179 609 1257 prior
630 1178 659 1238 ld
676 1179 789 1239 lecerat
809 1175 950 1236 Rornae
940 1194 970 1235 su
990 1176 1147 1236 unionibus

103 1261 108 1276 ‘
133 1278 255 1338 maguae
271 1263 424 1323 taxationis
443 1260 562 1322 Clodius
576 1263 711 1339 tragoedi
726 1262 838 1340 Aesopi
853 1261 946 1337 lilius,
968 1260 1091 1319 relietus
1107 1260 1144 1319 ab

136 1361 171 1404 eo
188 1347 216 1403 in
232 1345 334 1424 amplis
357 1346 462 1425 opibus
483 1346 588 1421 beros,
607 1363 643 1405 ne
666 1347 844 1406 triumviratu
864 1361 918 1404 suo
941 1345 1024 1403 nimis
1039 1361 1143 1422 super·

26 1471 28 1480 ι
136 1429 195 1488 biat
221 1430 362 1490 Antonius
384 1447 478 1509 paene
503 1430 634 1490 histrioni
658 1439 849 1509 conparatus,
872 1438 902 1488 et
926 1429 1042 1506 quidem
1065 1427 1144 1487 nulla

136 1515 294 1591 sponsione
316 1513 352 1574 ad
373 1513 430 1573 boe
445 1514 604 1590 producto,
631 1532 688 1592 quo
711 1515 804 1590 magis
828 1514 939 1589 regium
955 1513 1019 1586 liat,
1044 1512 1099 1570 sed
1115 1519 1177 1570 ut1⁵

136 1595 319 1673 experiretur
334 1597 363 1654 in
378 1597 472 1673 gloria
488 1597 576 1673 palati
596 1598 729 1676 quidnam
746 1605 883 1676 saperent
898 1597 1084 1672 margaritae,
1102 1604 1143 1654 at-

137 1695 194 1756 que
210 1687 241 1736 ut
255 1681 327 1737 mire
342 1679 493 1756 placuere,
511 1697 547 1739 ne
565 1682 646 1741 solus
662 1681 719 1741 boo
735 1685 841 1756 seirat,
867 1679 996 1757 singulos
1018 1681 1144 1738 uniones

94 1763 281 1823 123oouvivis
295 1779 411 1843 quoque
432 1762 634 1824 absorbendos
653 1765 740 1825 dedit.
770 1726 914 1824 Roniae
906 1764 1144 1842 rupromisouum

137 1863 172 1907 ao
187 1845 370 1927 frequentem
388 1865 468 1908 usum
480 1848 597 1906 venisse
613 1848 822 1909 Alexandrea
813 1867 842 1908 un
853 1849 996 1908 dicionem
1010 1848 1143 1922 redacta,

134 1933 256 2009 primum
275 1940 369 1991 autem
385 1932 522 2010 coepisse
541 1933 619 1992 eirea
633 1933 752 1992 Sullana
767 1943 899 2012 tempora
914 1933 1035 1991 minutas
1051 1941 1082 1991 et
1101 1932 1176 1992 uias

136 2015 171 2074 lis
189 2014 357 2076 Fenestella
378 2017 463 2076 tradit
484 2016 637 2076 maniiesto
654 2035 771 2093 errore,
795 2035 858 2077 eam
878 2017 979 2076 Aelius
1002 2016 1077 2076 Stilo
1099 2014 1142 2075 lu·

80 2143 83 2156 .
134 2099 269 2175 gurthino
293 2097 375 2160 b‘ello
396 2102 530 2160 unionum
553 2118 659 2161 nomen
677 2103 774 2180 inponi
791 2119 855 2161 eum
870 2117 1002 2160 maxume
1024 2099 1141 2176 grandi-

133 2183 187 2242 bus
204 2185 367 2262 margaritis
385 2187 507 2262 prodat(

93 2277 145 2330 124
214 2269 299 2349 (60.)
323 2267 555 2332 aulocrenen
579 2279 717 2330 aeternae
737 2287 832 2349 prope
859 2268 1058 2347 possessionis
1087 2277 1142 2326 est.

136 2355 267 2432 sequitur
284 2354 459 2430 heredem*
450 2372 479 2414 m
495 2355 688 2432 maneipatum
703 2355 782 2413 venit
797 2361 828 2412 ut
844 2352 993 2430 praedium
1009 2350 1140 2433 aliquod.
1151 2367 1174 2408 ss

135 2436 289 2510 conchylia
304 2446 334 2496 et
351 2455 493 2516 purpuras
510 2439 601 2528 omnis
622 2439 694 2497 lrora
711 2439 826 2511 atterit,
843 2436 947 2534 qqibus
968 2436 1072 2495 eadem
1084 2453 1142 2495 ma·

93 2528 195 2581 lttter
207 2519 319 2578 luxuria
331 2521 412 2596 paria
424 2537 526 2597 paene
531 2511 616 2579 etiam
627 2523 788 2597 margaritis
802 2521 895 2599 pretia
907 2519 987 2579 feeit.
1007 2519 1058 2580 36
1073 2518 1142 2578 Pur·

134 2619 226 2681 purae
246 2603 346 2661 vivont
371 2603 451 2662 aunis
463 2603 623 2680 plurumum
641 2609 780 2682 septenis.
814 2605 905 2664 latent
926 2605 1001 2663 siout
1015 2604 1143 2662 murices

135 2685 304 2746 eiroaeanis
326 2695 419 2744 ortum
433 2688 552 2748 tricenis
567 2687 678 2748 diebus.
710 2697 928 2766 congregantur
949 2703 1042 2746 verno
1069 2695 1141 2746 tem·

134 2785 218 2848 pore‚
228 2777 413 2849 motuumque
425 2773 521 2832 attritu
533 2771 675 2832 lentorem
686 2773 834 2832 cuiusdam
847 2789 935 2831 aerae
946 2771 1080 2831 salivant.
1103 2771 1141 2829 si·
1152 2781 1175 2824 ιι

133 2854 193 2913 mili
209 2852 296 2911 modo
315 2862 345 2912 et
360 2857 495 2932 murioes7
512 2857 564 2916 sed
584 2860 731 2936 purpurae
752 2857 854 2916 liorem
878 2855 958 2916 illum
974 2855 1142 2931 tinguendis

93 2937 310 3017 ltfiexpetitum
326 2937 502 2999 vestibusiu
521 2941 622 3000 mediis
639 2940 747 3000 babent
769 2939 912 3001 lancibus.
943 2937 1078 3016 Liquoris
1094 2937 1142 2998 bie

133 3023 310 3083 minumiest
331 3022 359 3080 in
380 3023 500 3084 eandida
520 3042 596 3084 vena
620 3025 696 3084 uude
718 3027 866 3103 pretiosus
886 3023 938 3083 ille
956 3021 1075 3098 bibitur,
1098 3023 1141 3080 ni-

132 3109 242 3183 grantis
257 3123 346 3166 rosae
361 3106 464 3166 oolore
479 3107 645 3169 sublucens.
670 3109 813 3190 reliquom
830 3123 937 3188 eorpus
952 3105 1066 3168 sterile.
1096 3107 1138 3164 vi·

133 3207 185 3249 ras
202 3208 311 3271 capere
333 3191 519 3267 contendunt,
538 3194 604 3270 quia
623 3210 687 3252 eum
707 3195 766 3253 vita
787 3211 886 3252 sueum
899 3209 974 3250 >eum
991 3199 1173 3250 erumnosas

135 3280 164 3330 et
178 3273 334 3334 maioribus
352 3275 466 3352 quidem
482 3277 616 3354 purpuris
639 3275 768 3337 detraota
791 3275 903 3336 oonoba
920 3275 1066 3348 *auferunt
1089 3275 1141 3334 rui·

134 3371 222 3416 nores
245 3375 309 3418 eum
331 3368 407 3419 testa
427 3362 509 3419 vivas
529 3359 680 3437 frangunt,
702 3361 741 3420 ita
770 3360 884 3421 demum
905 3377 971 3418 enm
994 3375 1139 3436 exspuen-

93 3443 196 3500 ratus.
227 3441 296 3516 'lysi
311 3445 485 3522 praecipuus
501 3443 548 3503 bio
564 3443 663 3520 Asiae,
686 3446 715 3502 in
730 3443 866 3523 Meninge
881 3443 1001 3504 ilirioae
1019 3451 1050 3502 et
1065 3440 1138 3504 Gae-
