2482 3910
171 162 233 225 202
479 172 788 223 ernrrrrsracoraor

172 340 236 392 etus
257 339 302 392 est
317 332 346 390 in
364 328 486 390 artiealo
501 327 586 407 pedis
600 337 702 388 ventre
720 327 849 387 emineas
870 341 1019 402 oenone,
1038 327 1069 386 iu
1083 333 1184 386 verte-

172 416 224 476 bra
240 415 357 492 ligatus.

128 509 181 564 156
243 501 293 560 47.
311 499 415 578 (107.)
432 498 535 557 Ανίυιη
548 496 624 557 aliae
641 496 789 574 digitatne,
807 494 1183 573 attemperanda

171 587 247 644 luter
262 592 413 662 utrumque
426 582 526 643 divisis
546 582 641 658 digitis
657 581 769 642 adiectu
787 579 944 640 latitudine.
976 579 1031 638 sed
1043 577 1183 638 omnibu

90 701 98 718 κ
174 669 306 747 quaterni
319 667 417 745 digiti,
433 675 495 726 tres
510 668 538 726 in
553 667 652 744 priore
669 675 767 742 parte,
785 681 857 724 uuus
905 663 998 722 ealoe.
1031 663 1080 722 bie
1096 664 1203 724 deestr

173 753 342 831 quibusdam
358 751 446 828 longa
462 769 545 810 erura
561 749 742 810 habentibus.
771 750 841 824 iynx
856 747 919 808 sola
934 748 1080 825 utrimque
1097 747 1183 807 birros

171 837 270 897 babet.
300 837 402 896 eadem
420 837 545 914 linguam
561 834 738 913 serpentium
755 833 877 893 similem
890 834 919 891 in
933 847 1066 908 magnam
1086 832 1181 909 lom·

171 921 299 982 tudinem
315 921 449 998 porrigit,
466 919 573 978 oollam
591 918 761 994 eineumagit
775 919 803 976 iu
818 930 951 976 aversetur
964 933 1006 975 se.
1023 916 1182 992 angumei

129 1013 182 1069 bol
191 1005 319 1082 grandes
340 1021 397 1062 eeu
421 1003 559 1080 graculis.
615 1002 719 1062 Avium
747 1000 916 1079 quibusdam
945 1000 1132 1077 grarimlbns
1154 1001 1182 1058 in

173 1085 305 1148 eruribus
327 1087 413 1148 additi
431 1087 512 1148 radii.
542 1087 612 1146 nulli
627 1103 720 1164 uncos
732 1085 898 1146 lrrbentium
914 1101 1035 1162 ungues.
1071 1083 1208 1162 Longi-n

173 1171 266 1252 pedes
286 1173 431 1252 porrectis
455 1171 491 1231 ad
513 1171 633 1231 caudam
647 1169 779 1230 eruribus
795 1169 903 1229 rolant.
936 1168 1041 1246 quibus
1059 1167 1182 1244 breues,

173 1258 330 1317 eontraotis
345 1256 382 1316 ad
395 1256 529 1316 medium.
562 1254 617 1329 Qui
631 1263 738 1331 negant
751 1253 903 1313 voluerenr
917 1253 1004 1312 ullam
1019 1253 1083 1311 sine
1098 1253 1181 1332 pedi·

173 1341 227 1401 bus
247 1359 315 1402 esse
337 1341 506 1401 oonlirmant
527 1349 556 1399 et
576 1340 687 1418 apodas
707 1337 817 1398 babere
833 1347 863 1397 et
886 1353 962 1396 aean
980 1345 1010 1396 et
1024 1336 1181 1415 drepanin,

172 1444 247 1505 quae
271 1444 308 1485 ea
329 1425 373 1485 bis
390 1426 537 1486 rarissime
554 1423 684 1502 adparet.
726 1423 815 1482 Visae
838 1424 893 1482 imn
914 1421 999 1481 etiarn
1021 1429 1199 1500 serpentes*

172 1511 314 1580 anserinis
329 1509 462 1588 pedibus.
1187 1520 1209 1562 rt
1234 1539 1235 1586 j

129 1603 183 1657 258
243 1593 294 1652 48.
314 1593 418 1669 (108.)
435 1592 616 1652 lnseotorrrm
632 1591 724 1669 pedes
746 1590 829 1668 primi
849 1591 1004 1667 longiores
1024 1590 1115 1650 dures
1131 1589 1180 1649 ba·
1233 1605 1234 1626 ³

172 1676 307 1736 brutinus
325 1676 445 1750 oeulos,
461 1685 492 1735 ut
508 1675 629 1736 subinde
644 1673 766 1753 pedibus
783 1691 836 1734 eos
852 1683 1001 1751 tergeant,
1024 1693 1079 1734 eea
1097 1683 1180 1734 nota
1234 1671 1235 1678 ’

58 1765 63 1776 '
173 1777 236 1819 mus
252 1762 279 1818 iu
294 1760 409 1820 muscis.
426 1776 501 1837 quae
512 1777 551 1819 ex
565 1759 609 1818 lris
625 1761 799 1820 novissimos
815 1759 924 1819 lrabent
940 1759 1046 1836 longos
1063 1759 1179 1833 saliunt,

172 1853 203 1902 ut
219 1845 360 1903 locustae.
392 1843 524 1903 omuibus
540 1853 635 1903 autern
650 1843 695 1904 bis
711 1845 773 1903 seni
791 1844 893 1922 pedes.
926 1843 1039 1903 araneis
1060 1842 1179 1920 quibue

173 1928 237 1987 darn
268 1927 419 2004 praelongi
447 1927 592 1987 aecednnt
620 1928 688 1987 bini.
741 1927 902 1988 internodia
929 1927 1065 2004 siugulis-
1083 1935 1208 1986 ternae

6 2013 7 2016 ’
126 2009 305 2076 aerttonos
321 2021 350 2071 et
367 2013 484 2072 marinis
500 2029 568 2072 esse
584 2012 721 2088 diximus,
743 2011 879 2091 polypis,
901 2013 1026 2090 saepiis,
1044 2011 1180 2088 lolligini,

173 2097 303 2175 eunetis,
320 2099 368 2175 qui
383 2095 524 2157 braeebia
538 2097 566 2156 in
581 2098 754 2157 eontrarium
772 2107 905 2172 movent,
926 2096 1063 2175 pedestri
1078 2095 1182 2154 orbern

79 2179 83 2186 ’
130 2190 241 2246 lebant
256 2183 284 2241 in
300 2181 435 2242 oblicum.
471 2181 573 2241 iisdem
589 2181 661 2242 solis
676 2180 837 2241 animalium
858 2180 981 2240 rotundi.
1013 2176 1124 2239 Cetera
1140 2179 1180 2238 bi·

172 2283 226 2326 nos
247 2267 339 2346 pedes
360 2267 454 2326 duees
474 2266 598 2342 habent,
627 2268 724 2324 caneri
754 2274 861 2324 tanturn
884 2271 1053 2343 quaternos.
1095 2263 1179 2336 Quae

172 2352 248 2410 lrrrne
261 2369 410 2420 numerurm
422 2350 529 2429 pedum
549 2366 711 2410 excessere
726 2350 894 2425 terrestria,
910 2357 941 2408 ut
962 2349 1098 2428 plerique
1112 2360 1209 2407 ver-rt

172 2451 252 2508 rnes,
272 2451 331 2494 non
350 2435 424 2494 inlra
443 2435 595 2494 duodenos
617 2424 740 2508 babent,
762 2433 858 2510 aliqua
878 2449 950 2493 vero
974 2441 1003 2493 et
1025 2442 1178 2492 centenos.

6 2589 7 2592 Ἴ
129 2525 328 2624 ¹poenumerus
345 2517 452 2596 pedum
471 2519 554 2594 inpar
574 2518 645 2578 nulli
667 2525 722 2577 est.
766 2516 966 2596 Selidlpedam
983 2535 1070 2576 erura
1085 2518 1181 2576 statim

173 2607 247 2658 m'sta
262 2610 418 2660 naseuntur
431 2619 575 2676 mensura,
592 2611 696 2680 postea
708 2600 927 2680 exporrigentia
938 2619 971 2660 se
983 2603 1083 2660 verius
1096 2617 1181 2680 quam

174 2685 347 2744 uresoeutia.
386 2687 482 2763 itaque
508 2688 535 2745 in
564 2687 681 2748 infantia
697 2687 831 2746 ‘scabunt
853 2688 932 2746 auris
951 2684 1180 2764 posterioribus,

172 2766 249 2847 quod
270 2767 366 2829 addita
388 2779 483 2830 aetate
503 2787 561 2829 norr
584 2779 707 2850 queunt,
728 2771 795 2848 quia
820 2770 970 2846 longitudo
992 2770 1209 2848 superficiem!

172 2869 329 2930 corporum
345 2851 437 2912 solam
456 2854 583 2932 ampliat
616 2854 671 2914 lrac
687 2854 723 2914 de
740 2871 827 2914 eausa
842 2854 1007 2914 interimitis
1022 2855 1107 2932 pasci
1127 2853 1180 2912 uisi

172 2936 322 2996 submissis
342 2935 467 3012 genibus
485 2956 545 2998 non
567 2947 706 3016 possunt,
736 2957 792 2998 nee
814 2952 907 3018 usque
931 2939 997 2998 durn
1019 2933 1124 2998 eervix
1144 2937 1180 2998 ad

172 3023 246 3080 iusta
262 3022 440 3080 ineremeuta
453 3023 614 3100 perueniat.
632 3023 682 3084 40.
694 3021 883 3083 l'urnilionum
899 3039 993 3100 genus
1005 3023 1035 3080 in
1045 3021 1180 3084 omnibus

6 3151 7 3154 ,
172 3103 343 3166 animalibus
359 3113 415 3183 est,
431 3113 518 3183 atpae
531 3109 618 3183 etiarn
633 3107 709 3168 inter
722 3108 870 3167 volueres.
1086 3131 1090 3134 ·

6 3211 8 3268 r
127 3198 178 3252 261
243 3189 349 3269 (100.)
368 3187 510 3250 Genitalia
523 3192 651 3251 maribus
666 3183 769 3271 lpuibus
783 3200 884 3252 essent
897 3199 1028 3250 retrorsa
1044 3187 1209 3250 diximusne
1227 3241 1231 3256 ,

130 3267 261 3344 ,1009503
274 3283 343 3334 suut
356 3274 443 3354 lupis,
459 3273 606 3354 vulpibus,
619 3276 911 3351 mustelisuiverris,
924 3271 1102 3334 unde'etiam
1119 3273 1177 3334 eal·

173 3357 239 3416 eulo
260 3359 383 3418 lrunrano
408 3358 536 3419 remedia
553 3361 720 3438 praeeipua,
761 3376 832 3436 urso
852 3374 973 3438 quoque
989 3359 1180 3438 simulatque

172 3445 366 3517 exspiraverit
395 3461 572 3504 oorneseere
602 3445 688 3504 aiunt.
737 3443 879 3504 camelino
909 3455 993 3504 arens
1024 3441 1177 3516 intendere
