2444 3908
186 165 246 228 124
534 179 563 226 c.
580 179 675 226 entur
693 177 841 226 sscounr

183 334 257 392 mani
271 349 372 410 magna
386 331 414 390 in
430 333 600 410 quaestione
617 329 733 390 habent.
764 330 934 391 inmusulum
955 333 1042 411 aliqui
1057 335 1184 394 volturis

184 416 291 496 pullum
306 416 479 476 arbitrantur
496 433 563 475 esse
586 425 614 474 et
635 416 801 493 sanqualem
819 415 990 493 ossifragae.
1022 415 1183 478 Massurius

183 501 348 577 sanqualem
371 499 544 576 ossifragam
566 517 633 558 esse
650 500 734 576 dicit,
762 500 932 560 inmusulum
953 509 1045 560 autern
1073 503 1184 581 pullum

183 585 307 663 aquilae,
320 585 486 662 priusquam
501 583 607 643 albicet
621 585 720 643 canda.
750 585 864 663 quidam
878 592 945 664 post
959 583 1079 645 Mutium
1095 605 1183 664 augn-

181 687 242 727 rem
261 671 340 728 visos
356 684 413 726 non
429 678 495 727 esse
514 667 624 726 Romae
641 667 860 746 confirmavere,
880 686 947 746 ego,
966 667 1044 747 quod
1063 673 1130 730 veri
1148 673 1199 730 sit

154 759 163 786 t
179 753 290 827 milius,
303 755 332 812 in
348 752 458 812 desidia
474 769 569 810 rernm
586 753 708 811 omnium
724 752 848 811 arbitror
864 771 920 812 non
935 755 1062 830 agnitos.

139 848 173 901 nl
245 835 273 896 8.
297 836 360 915 (9.)
383 834 562 914 Accipitrum
583 853 694 914 genera
725 837 854 896 sedecim
882 839 1050 897 invenimus.
1085 859 1124 899 ex
1150 841 1182 900 iis

181 921 324 996 aegithum
343 918 474 979 claudum
495 919 588 978 altero
616 920 691 998 pede
714 921 902 1000 prosperrimi
924 923 1025 1000 auguri
1047 924 1180 1002 nuptiali·

181 1005 234 1063 bus
254 1004 379 1079 negotiis
402 1013 431 1062 et
447 1005 601 1082 pecuariae
623 1005 676 1062 rei.
706 1006 895 1065 triorchema
918 1023 1037 1066 numero
1053 1009 1180 1082 testium,

182 1089 226 1146 cui
239 1087 428 1164 principatum
443 1089 471 1146 in
487 1089 612 1164 auguriis
629 1088 795 1148 Phemonoe
811 1089 899 1150 dedit.
931 1089 1091 1150 buteonem
1107 1091 1207 1150 huncu

181 1169 331 1248 appellant
347 1169 477 1248 Romani,
495 1172 628 1232 familiam
645 1174 730 1232 etiam
746 1191 783 1234 ex
799 1191 835 1232 eo
859 1176 1102 1251 cognominatam,
1122 1193 1181 1234 cum

181 1272 325 1333 prospero
351 1258 481 1335 auspicio
506 1257 639 1316 inducis
665 1259 731 1316 navi
754 1257 889 1319 sedisset.
928 1258 1053 1338 epileum
1078 1257 1180 1319 Graeci

180 1350 286 1399 vocant
299 1342 347 1418 qni
363 1342 444 1402 solus
460 1344 678 1419 omnitempore
692 1342 823 1430 adparet,
849 1345 940 1402 ceteri
953 1342 1047 1401 hieme
1064 1341 1179 1402 abeunt.

138 1424 334 1489 ttDistinctio
355 1444 495 1502 generum
517 1444 554 1485 ex
571 1426 715 1485 ariditate.
737 1423 802 1512 ‘alii
816 1443 872 1485 non
892 1421 949 1485 nisi
976 1445 1014 1486 ex
1036 1435 1120 1486 terra
1139 1445 1179 1485 ra·

180 1511 260 1586 piunt
280 1528 379 1584 avem,
398 1509 446 1570 alii
468 1527 525 1568 non
541 1511 595 1568 nisi
611 1512 689 1568 circa
712 1494 834 1570 arbores
853 1509 1037 1584 volitantem
1061 1510 1113 1570 alii
1138 1529 1178 1568 se·
1186 1527 1204 1566 ιι

181 1593 321 1652 dentem
312 1609 341 1650 m
357 1592 480 1668 sublimi,
505 1592 592 1670 aliqui
615 1593 783 1653 volantem
776 1613 803 1652 m
828 1604 940 1672 aperto.
971 1596 1070 1672 itaque
1089 1603 1119 1654 et
1135 1611 1177 1654 co-

181 1674 295 1734 lumbae
311 1693 421 1734 novere
437 1693 474 1735 ex
489 1678 524 1736 iis
540 1676 681 1754 pericula,
702 1679 826 1756 visoque
842 1678 993 1737 considunt
1008 1676 1057 1736 vel
1078 1679 1177 1738 subro-

182 1758 250 1833 lant‚
267 1767 367 1818 contra
382 1769 509 1818 naturam
529 1761 590 1819 eius
609 1761 779 1822 auxiliantes
802 1762 865 1821 sibi.
896 1761 928 1821 ln
948 1762 1041 1820 insula
1062 1761 1177 1822 Airicae

183 1838 279 1901 Germe
294 1845 322 1902 in
339 1856 450 1902 oceano
466 1845 621 1921 accipitres
634 1846 721 1904 totius
732 1845 926 1920 Masaesyliae
941 1845 1017 1904 humi
1029 1845 1175 1920 fetificant,

181 1944 237 1984 nec
252 1926 321 1986 alibi
335 1935 490 1986 nascuntur
513 1928 569 1986 illis
584 1928 696 1988 adsueti
712 1929 856 2006 gentibus.
1183 1945 1203 1985 ιι

139 2020 174 2074 23
245 2011 328 2088 (10.)
349 2011 389 2070 ln
401 2009 542 2070 Thraciae
562 2019 645 2090 parte
668 2031 755 2092 super
776 2013 971 2092 Amphipolim
997 2011 1132 2072 homines
1153 2019 1177 2069 et

181 2095 339 2172 accipitres
361 2097 503 2155 sotietate
523 2097 644 2174 quadam
665 2105 851 2178 aucupantur.
875 2096 903 2156 hi
928 2115 964 2156 ex
987 2097 1071 2155 silvis
1089 2106 1118 2156 et
1132 2095 1176 2154 ba·

181 2179 338 2240 nundinetis
355 2183 482 2240 excitant
502 2182 580 2256 avis,
609 2180 650 2241 illi
673 2181 887 2260 supervolantis
909 2180 1083 2259 deprimunt.
1121 2195 1175 2238 mr-

181 2282 230 2323 sus
246 2274 347 2344 captas
363 2281 491 2343 aucupes
514 2264 640 2325 dividunt
662 2267 798 2324 cuniis·
817 2264 950 2323 traditum
967 2273 1012 2322 est
1034 2265 1139 2324 missas
1153 2263 1177 2320 iu

181 2348 303 2408 sublime
318 2347 373 2407 sibi
387 2351 525 2426 excipere
542 2367 611 2423 eos,
631 2359 735 2408 etcum
751 2351 788 2407 sit
805 2358 920 2427 tempus
936 2357 1086 2426 capturae,
1106 2347 1202 2409 olan-n

180 2449 254 2506 gore
270 2450 305 2492 ac
319 2433 432 2492 volatus
448 2451 559 2508 genere
575 2434 695 2492 inritare
712 2431 747 2491 ad
763 2433 958 2492 occasionem.
990 2431 1086 2490 simile
1104 2429 1177 2508 quid·

181 2514 245 2573 darn
267 2515 326 2592 lupi
349 2515 384 2574 ad
406 2513 540 2574 Maeotim
564 2515 697 2592 paludem
726 2516 844 2576 iaciunt.
857 2526 936 2576 'uam
957 2515 1011 2572 nisi
1033 2523 1177 2592 partema

182 2593 360 2674 piscantibus
382 2615 462 2656 suam
484 2615 639 2677 accepere,
665 2616 793 2678 expansa
821 2616 921 2658 eorum
944 2598 1018 2657 retia
1040 2598 1176 2656 lacerant.

138 2688 174 2744 nl
182 2678 347 2758 accipitres
365 2683 458 2742 avium
475 2698 532 2742 non
552 2682 638 2742 edunt
655 2682 752 2743 corda.
781 2681 946 2742 Nocturnus
970 2681 1117 2758 accipiter
1136 2697 1177 2754 oy·

182 2763 277 2823 bindis
293 2775 423 2841 uocatur,
440 2784 521 2826 rarus
539 2767 623 2826 etlam
644 2769 672 2826 in
687 2767 779 2843 silvis,
796 2766 920 2826 interdiu
935 2765 1026 2823 rninus
1044 2781 1174 2824 cernens.
1184 2771 1202 2812 tt

182 2847 290 2908 bellum
306 2851 513 2911 intemecisum
529 2850 606 2929 gerit
621 2871 685 2920 cum
700 2851 806 2930 aquila,
820 2850 1075 2926 cohaerentesque
1092 2863 1177 2924 saepe

181 2933 369 3014 prenduntur.

139 3026 174 3080 25
239 3017 369 3097 9.(11.)
394 3017 513 3094 Coccum
532 3019 647 3079 videtur
663 3037 699 3079 ex
717 3021 856 3098 accipitre
873 3017 936 3077 lieri
938 3025 1100 3093 ,tempore
1121 3008 1177 3073 anni

183 3103 302 3180 liguram
317 3111 439 3178 mutans,
455 3105 587 3181 quoniam
603 3113 670 3162 tunc
684 3121 741 3162 non
758 3104 898 3182 adparent
920 3101 1026 3178 reliqui
1046 3100 1103 3157 nisi
1118 3113 1177 3176 per·

184 3205 267 3288 qpam
284 3189 384 3268 paucis
409 3185 520 3246 diebus
551 3190 615 3266 ipse
639 3204 755 3268 quoque
775 3186 889 3245 modico
912 3193 1047 3262 tempore
1063 3181 1204 3241 aestatisa

182 3273 262 3331 risus
276 3289 334 3330 non
356 3273 487 3330 cernitur
498 3281 610 3348 postea
641 3282 686 3330 est
707 3280 800 3331 autem
820 3287 916 3348 neque
937 3268 1057 3327 aduncis
1083 3263 1177 3340 ungui·

184 3353 238 3414 bus
255 3357 335 3416 solus
349 3357 528 3433 accipitrum,
542 3373 596 3414 nec
610 3359 705 3432 capite
721 3355 820 3413 similis
833 3353 901 3426 illis,
914 3367 1010 3430 neque
1027 3349 1085 3409 alio
1101 3359 1178 3441 qnaqt

186 3438 298 3516 colore,
317 3459 352 3512 ac
373 3441 446 3500 rictu
464 3438 589 3498 columbi
604 3442 724 3516 potius..
739 3440 806 3516 quin
829 3447 858 3497 et
874 3435 1032 3496 absumitur
1055 3431 1092 3492 ab
1108 3426 1177 3490 acci·
