2482 3910
193 187 197 200 ⁴
310 171 402 256 'uun
419 163 574 261 uramur.
590 205 633 262 at.
653 199 805 298 (tu-ot.)
1007 197 1066 260 187
1185 223 1192 248 ι

58 365 158 428 boves
172 361 239 426 bimi
251 370 368 429 matut.
395 353 559 426 subns'nou
579 367 716 430 decidam
734 385 876 448 umquam.
906 368 1067 447 Absrmspta

59 451 118 512 lrac
134 447 341 509 observatione
351 457 489 508 senectus
500 449 529 508 in
541 452 624 531 equis
636 460 667 510 et
682 454 790 515 ceteris
801 453 942 514 veterinis
953 453 1067 515 intelle·

60 535 141 613 gitur
157 531 282 592 dentium
302 530 501 608 broocbitate‚
524 535 748 613 superciliorum
768 538 873 598 canitia
888 547 917 598 et
933 538 1011 598 circa
1031 554 1067 598 ea

60 618 267 692 lucaniacum
284 616 642 680 leresedeoimaunorum
657 621 866 682 existimantur.
897 619 1110 685 nominamus
1222 651 1224 656 ¹

34 701 199 770 edentibus
215 697 359 780 quoddam
371 701 447 762 inest
461 703 548 762 viras.
579 721 703 786 namque
719 714 749 767 et
762 705 877 785 speculi
890 707 1014 766 nitorem
1029 721 1068 766 ex

58 788 189 848 adverso
201 785 299 846 nudati
312 785 450 848 hebetant
462 795 492 846 et
506 787 703 850 columbarum
714 789 791 852 letus
802 790 937 869 implumis
952 797 1065 849 cecant.

57 871 176 950 reliqua
192 870 228 932 de
244 870 279 932 iis
295 871 324 930 in
336 872 527 947 generatione
544 872 686 948 hominum
700 873 865 936 dictasunt.
894 871 1110 958 humpen-742⁸,

57 955 139 1017 tibus
157 953 266 1014 morbis
288 970 413 1033 corpora
440 954 587 1018 infantium
609 959 764 1036 accipiunt.
798 960 912 1038 reliqua
935 957 1068 1018 animalia

60 1058 141 1120 quae
155 1048 285 1100 serratos
300 1037 415 1100 babent
424 1042 594 1102 saevissime
611 1043 750 1106 lantiunt.

21 1150 49 1192 uo
127 1124 212 1204 (65.)
238 1122 369 1200 Linguae
387 1141 445 1184 uon
467 1125 599 1186 omnibus
621 1127 725 1188 eodem
748 1128 844 1188 modu.
882 1128 1109 1190 tenuissimam

56 1208 251 1290 serpentibus
268 1215 299 1267 et
311 1208 595 1284 trienium-vibrans,
618 1211 859 1286 anicularum,
877 1211 1068 1287 dextrales,
1112 1251 1115 1270 .

59 1293 242 1375 praelonga,
264 1292 382 1352 lacertis
405 1292 491 1354 bilida
514 1303 543 1353 et
568 1294 679 1373 pilosa,
701 1295 798 1356 vitulis
815 1313 932 1375 quoque
951 1295 1067 1354 marinis

58 1378 190 1457 duplex,
211 1377 265 1438 sed
284 1395 372 1455 supra
399 1377 485 1440 dictis
511 1379 705 1458 capillamenti
722 1381 879 1456 tenuitate,
903 1381 1010 1440 ceteris
1031 1377 1068 1438 acl

58 1460 326 1524 circumlambenda
338 1479 399 1522 ora.
431 1460 560 1540 piscibus
575 1465 768 1542 paulominus
784 1481 870 1543 qnam
886 1473 946 1525 tota
962 1463 1066 1522 adhae-

21 1577 47 1619 15
58 1566 149 1622 rens,
168 1546 326 1610 crocodilis
348 1555 417 1606 tuta.
456 1548 509 1608 sed
525 1549 553 1606 in
568 1555 684 1626 gustatu
701 1549 817 1627 linguae
833 1550 898 1610 viee
916 1563 1067 1608 carnosum

58 1631 239 1713 aquatilibus
254 1631 389 1709 palatum.
429 1632 579 1707 leonibus,
598 1633 697 1711 pardis
718 1634 909 1712 omnibusque
929 1633 1048 1710 generis
1060 1639 1111 1696 ltu

58 1721 145 1792 eius,
170 1716 259 1778 etiam
279 1713 404 1792 felibus,
429 1716 596 1778 imbricatae
615 1719 781 1798 asperitatis
803 1737 839 1778 ac
861 1718 945 1778 limae
969 1714 1069 1776 similis

57 1811 275 1878 attenuansque
302 1799 456 1860 lambendo
482 1811 576 1862 cutem
600 1803 739 1879 bominis,
753 1821 842 1882 qnae
869 1818 957 1862 cansa
983 1801 1070 1860 etiam

56 1885 273 1958 mansuefacta,
288 1884 337 1944 ubi
352 1884 388 1946 ad
405 1887 529 1946 vicinum
546 1890 714 1966 sanguninem
729 1883 865 1967 pervadit
880 1887 982 1960 saliva,
998 1885 1069 1944 invi·

18 1978 105 2041 aetat
119 1969 157 2032 ad
170 1970 290 2032 rabiem.
322 1968 358 2030 de
373 1987 565 2048 purpurarum
580 1971 831 2050 liuguisdlrimus.
862 1971 939 2032 riuis
953 1972 1111 2048 primanus
1217 2054 1219 2058 Ι

50 2055 220 2134 cohaeret,
237 2056 343 2116 intuma
358 2053 491 2117 absoluta
509 2065 670 2134 agmone,
688 2073 745 2135 qna
759 2072 865 2117 vocem
880 2056 992 2114 minant
1010 2070 1068 2112 ma·

55 2159 127 2215 res,
157 2157 222 2198 cum
246 2146 389 2200 vocantur
410 2139 597 2217 ololygones.
634 2147 709 2199 stato
734 2140 763 2200 id
781 2147 922 2216 tempore
943 2138 1112 2210 evenit‚173

57 2222 207 2286 cientibus
231 2224 265 2284 ad
288 2223 394 2283 coitum
417 2223 548 2284 feminas.
578 2232 636 2283 tum
660 2223 804 2301 siquidem
825 2222 963 2281 inferiore
984 2219 1068 2279 labro

57 2309 251 2372 demisso'ad
271 2307 472 2368 libramentum
493 2325 585 2385 aquae
613 2307 746 2367 modicae
767 2313 907 2383 receptae
928 2307 956 2363 in
974 2302 1070 2363 faucis

20 2417 48 2458 ιι
57 2393 226 2474 palpitante
238 2391 279 2452 ibi
296 2392 395 2470 lingua
410 2391 533 2452 ululatus
549 2391 673 2451 eliditur.
703 2400 770 2452 tnnc
787 2391 897 2452 extenti
914 2388 1069 2448 buccarum
1144 2408 1147 2415 ·

57 2480 144 2540 siuns
171 2476 342 2554 perlucent,
364 2477 442 2538 oculi
466 2475 589 2553 flagrant
609 2475 716 2536 labore
733 2475 890 2555 propulsi!
912 2472 1023 2547 Quibus
1040 2471 1069 2528 in

57 2562 234 2643 posteriore
248 2567 331 2639 panto
347 2561 454 2636 aculei,
470 2561 515 2620 luis
531 2568 559 2620 et
576 2560 678 2622 dantes
696 2569 726 2620 et
740 2561 849 2638 lingua,
867 2557 970 2638 apibus
985 2556 1070 2616 etiam

58 2645 244 2728 praelonga,
263 2647 391 2706 eminens
403 2654 434 2704 et
446 2644 565 2706 cicadis.
595 2645 698 2725 quibus
714 2645 834 2705 aculens
847 2645 876 2703 in
891 2660 944 2703 oro
960 2639 1070 2702 fistulo·

57 2749 125 2805 sus,
143 2729 188 2790 luis
202 2745 257 2789 nec
272 2728 368 2808 lingua
386 2747 443 2789 nec
458 2729 571 2790 dentes.
602 2729 772 2809 quibusdam
789 2729 909 2788 insectis
924 2729 1000 2788 intus
1018 2724 1071 2784 lin·
1099 2796 1102 2800 Ι

20 2831 139 2895 mgna,
162 2823 193 2874 ut
208 2814 349 2874 formicis.
379 2813 516 2874 Getemm
537 2813 595 2874 lata
611 2814 770 2893 elephanto
784 2814 954 2892 praecipue.
985 2809 1114 2869 reli-174

57 2899 130 2980 quis
146 2900 175 2958 in
190 2916 243 2958 suo
258 2915 370 2976 genere
387 2914 505 2977 semper
519 2897 668 2973 absoluta,
684 2898 792 2959 bomini
805 2907 911 2958 tantum
927 2899 965 2956 ita
981 2907 1071 2969 saepe

57 2983 224 3046 oonstricta
240 2985 323 3044 veuls
344 2991 376 3043 ut
396 2982 529 3042 intercidi
549 2999 600 3042 eas
615 2997 740 3043 necesse
755 2984 801 3042 sit.
832 2981 982 3042 llatellnm
999 2991 1070 3056 pou·

55 3068 175 3132 tiflecm
187 3068 262 3128 adeo
277 3068 480 3147 inexplanatae
500 3066 591 3128 luisse
613 3064 788 3146 accipimus,
810 3075 842 3127 ut
855 3066 951 3126 multis
966 3061 1070 3120 mensl-

57 3153 121 3214 bus
141 3160 235 3212 tortus
259 3151 409 3233 credatur,
432 3152 498 3211 dnm
517 3150 670 3212 meditatur
690 3153 719 3211 iu
740 3150 900 3212 dedicanda
921 3147 995 3208 aede
1016 3143 1072 3222 Opi

20 3235 158 3304 mserba
176 3234 286 3297 dicere.
319 3239 427 3298 ceteris
443 3245 576 3314 septumo
593 3237 685 3296 lanne
705 3251 779 3297 anno
795 3249 958 3296 sennonem
975 3229 1071 3307 expri-

56 3323 125 3384 mit.
156 3320 254 3381 multia
268 3339 341 3382 vero
363 3323 431 3382 talis
446 3339 494 3382 ars
516 3322 578 3380 eins
595 3322 750 3398 eccdngit
765 3330 797 3380 ut
813 3320 906 3380 avium
920 3324 950 3376 et
963 3316 1071 3388 anima-

58 3407 134 3468 lium
163 3407 247 3466 vocis
266 3405 426 3466 indiscrete
454 3405 555 3467 edatar
579 3405 707 3465 imitatio.
742 3401 912 3466 Intellectus
934 3413 1072 3480 saporum

58 3489 176 3552 ceteris
190 3490 221 3549 iu
236 3491 327 3568 prium
341 3490 455 3568 lingna,
471 3489 579 3552 homiui
593 3495 622 3550 et
637 3491 667 3570 iq
681 3489 790 3570 palato.
