2444 3908
99 209 103 218 .
161 135 201 192 74
504 143 817 192 seminationem

162 300 226 360 dum
241 297 357 372 crebro,
374 299 422 376 qui
437 297 490 356 nisi
503 298 651 374 perinane
667 296 827 370 emicuerit,
839 296 961 374 repulsu
970 296 1099 358 durioris
1109 315 1172 359 na

121 384 268 448 lictoriae
285 382 467 442 clauditatem
483 381 563 442 illico
578 380 682 440 adfert.
700 380 845 453 Quaestus
862 397 900 442 ex
916 381 952 440 iis
967 381 1067 459 opima
1086 401 1173 460 prae·

162 468 209 528 dia
230 475 414 550 exsuperent.
452 475 549 526 notum
574 473 618 524 est
639 466 668 524 in
699 462 856 527 Celtiberia
881 465 1012 542 singulas
1030 467 1173 544 quadri}

163 560 249 629 genta
271 551 347 610 milia
370 567 510 610 nummum
533 551 650 624 enixus,
678 549 817 610 mularum
837 567 969 610 muurne
990 559 1091 628 partu.
1122 569 1174 612 aa·

162 637 232 696 rium
246 636 360 695 reierre
375 636 404 692 in
417 635 461 695 bis
477 642 506 693 et
521 633 726 713 palpebrarum
741 634 817 712 pilos
832 635 918 693 aiunt
946 636 1084 712 quamvis
1097 638 1192 697 eninr

161 719 294 780 unicolor
304 719 417 797 reliquo
430 735 567 795 corpore,
580 719 699 778 totidem
709 726 805 778 tanuen
817 718 935 780 colores
949 728 1020 796 quot
1032 718 1079 778 ibi
1090 720 1173 780 fuere

116 798 120 810 ¹
161 805 265 864 reddit.
297 802 397 862 Pullos
420 820 517 862 earum
533 803 644 880 epulari
671 799 826 862 maecenas
848 803 968 862 instituit
988 802 1116 864 multum
1135 820 1172 863 eo

160 898 294 966 ternpore
311 886 460 964 praelatos
474 888 600 962 onagris.
633 895 700 965 post
723 905 787 946 euru
808 887 917 948 interiit
939 889 1107 948 auctoritas
1128 905 1171 947 aa·

162 973 237 1050 pori.
268 970 360 1028 Asino
381 970 522 1030 moriente
536 971 601 1030 viso
617 971 772 1032 celerrime
788 970 818 1030 id
839 989 934 1047 genus
949 971 1061 1032 delicit.

119 1064 169 1118 171
241 1055 291 1114 44.
311 1054 396 1132 (69.)
420 1053 464 1114 Eu
480 1057 561 1114 asino
577 1064 606 1115 et
621 1072 696 1132 equa
711 1055 788 1116 naula
805 1055 933 1132 gignitur
953 1073 1057 1115 mense
1084 1057 1196 1116 tertiat

162 1139 296 1212 decumo,
312 1138 414 1198 animal
430 1139 539 1199 viribus
554 1141 583 1199 in
598 1139 716 1200 labores
738 1140 881 1202 erinium.
918 1139 955 1199 ad
977 1139 1045 1200 talis
1071 1150 1171 1219 partus

162 1241 253 1302 equas
275 1241 372 1299 neque
393 1224 549 1300 quadrimis
570 1224 698 1283 minores
719 1242 814 1302 neque
835 1221 1017 1285 decennibus
1041 1227 1170 1284 maiores

161 1306 277 1384 legunt,
300 1308 453 1386 arcerique
475 1319 625 1386 utrumque
648 1326 741 1384 genus
764 1307 800 1370 ab
824 1307 918 1368 altero
934 1317 1053 1370 narrant
1071 1311 1170 1368 nisiin

161 1393 277 1452 iniantia
291 1395 355 1452 eius
370 1394 488 1468 generis
501 1393 578 1471 quod
594 1394 671 1452 ineat
682 1393 759 1452 laete
775 1392 889 1452 hausto.
908 1403 1096 1470 quapropter
1109 1393 1169 1456 sub

161 1485 261 1555 reptos
275 1477 373 1554 pullos
389 1477 417 1534 iu
434 1476 563 1536 tenebris
578 1494 716 1554 equarum
733 1476 825 1551 uberi,
841 1477 1024 1537 asinarumve
1046 1479 1194 1538 eculeosn

161 1559 323 1618 admovent.
356 1560 482 1636 gignitur
499 1571 593 1621 autem
610 1560 685 1620 mula
702 1580 739 1620 ex
755 1577 832 1639 equo
854 1569 884 1620 et
898 1561 989 1635 asina,
1007 1559 1064 1621 s‘ed
1083 1563 1167 1621 effre

119 1644 219 1705 ltunis
233 1652 264 1701 et
277 1643 417 1704 tarditatis
432 1646 597 1705 indomitae.
631 1644 707 1704 laeta
724 1647 818 1706 omine
834 1645 888 1704 bae
910 1663 926 1704 e
942 1644 1063 1704 vetulis.
1098 1645 1166 1706 Gou-

161 1735 276 1804 ceptum
293 1745 330 1785 ex
344 1744 421 1806 equo
436 1738 554 1788 secutus
566 1730 638 1790 asini
659 1731 753 1789 coitus
769 1729 871 1789 abortu
887 1729 1012 1807 perimit,
1030 1747 1094 1790 non
1106 1731 1168 1790 iton

161 1812 233 1870 asini
260 1827 362 1887 equos.
396 1812 556 1872 feminasu
586 1822 669 1890 partu
691 1823 807 1893 optume
823 1822 957 1892 septumo
985 1812 1035 1872 die
1063 1815 1170 1892 inpleri
1208 1811 1209 1838 ³

160 1893 357 1970 observatum,
376 1898 463 1956 maris
478 1897 616 1973 fatigatos
633 1897 735 1958 melius
750 1898 874 1976 inplere.
914 1914 988 1974 quae
1005 1915 1068 1956 non
1092 1901 1194 1976 ptiust

159 1996 244 2058 quarn
266 1979 361 2040 dentis
385 1997 458 2059 quos
481 1979 609 2059 pullinos
633 1981 783 2060 appellant
806 1983 892 2042 iaciat
912 1983 1090 2059 conceperit
1116 1992 1168 2042 ste

158 2063 220 2124 rilis
235 2064 424 2142 intellegitur,
443 2073 472 2124 et
488 2083 564 2144 quae
586 2082 643 2126 non
659 2069 751 2144 primo
773 2068 842 2126 initu
857 2083 1003 2142 generare
1019 2068 1167 2145 coeperit.

158 2146 243 2226 liquo
261 2157 291 2210 et
312 2151 392 2210 asina
406 2151 522 2228 genitos
539 2151 627 2210 maris
641 2149 777 2210 hinnulos
792 2151 899 2228 antiqui
916 2149 1087 2226 vocabant·
1103 2169 1168 2212 cor·

117 2241 168 2297 rte
177 2242 278 2312 traque
299 2235 392 2294 mulos
409 2252 483 2314 quros
501 2236 574 2296 asini
596 2243 625 2294 et
645 2252 738 2314 equae
754 2243 938 2310 generarent
970 2233 1169 2295 Observatum

158 2337 174 2376 e
193 2318 306 2379 duobus
324 2320 447 2380 diversis
469 2320 627 2396 generibus
645 2328 710 2380 nata
731 2319 808 2378 tertii
821 2319 940 2394 generis
964 2317 1027 2376 lieri
1054 2329 1087 2378 et
1101 2331 1193 2378 nen-a

157 2403 193 2460 tri
212 2411 362 2478 parentum
379 2421 447 2464 esse
464 2405 576 2479 similia,
594 2421 687 2480 eaque
706 2403 770 2481 ipsa
785 2421 860 2480 quae
882 2412 946 2462 sunt
969 2402 1015 2461 ita'
1026 2413 1099 2463 nata
1115 2420 1169 2463 nou

157 2485 280 2558 gignere
298 2487 417 2546 inomni
433 2487 594 2546 animalium
610 2505 732 2564 genere,
745 2487 855 2546 idcirco
867 2486 960 2546 mulas
976 2502 1035 2544 non
1047 2505 1168 2564 parere.

158 2574 203 2624 est
224 2568 252 2625 in
267 2568 416 2628 annalibus
430 2571 537 2628 nostris
553 2571 707 2648 peperisse
726 2587 827 2649 saepe,
843 2589 943 2630 verum
956 2570 1078 2648 prodigi
1101 2571 1167 2630 locu

157 2647 292 2708 habitum.
325 2651 544 2730 'lbeopbrastus
566 2654 656 2731 volgo
675 2673 782 2732 parere
803 2656 832 2714 in
857 2652 1045 2732 Cappadocia
1069 2656 1167 2730 tradit,

158 2733 210 2792 sed
233 2752 300 2795 esse
319 2736 347 2795 id
371 2737 473 2796 animal
495 2737 534 2797 ibi
556 2739 599 2797 sui
620 2741 748 2816 generis.
781 2738 877 2800 blulae
901 2739 1071 2800 calcitratus
1096 2738 1194 2798 inbi-su

116 2816 259 2880 luctetur
274 2819 331 2880 vini
348 2821 498 2882 crebriore
514 2832 594 2900 potu.
633 2821 665 2882 ln
680 2823 802 2902 plurium
818 2821 997 2890 Graecorum
1013 2831 1060 2882 est
1076 2824 1168 2884 naoni-

156 2904 260 2962 mentis
277 2922 339 2963 cunr
356 2923 430 2984 equa
445 2907 513 2966 muli
532 2909 608 2967 coitu
620 2915 719 2968 natum
734 2925 820 2986 quem
841 2909 1011 2968 vocaverint
1034 2909 1166 2984 giranum.

156 2988 184 3048 id
208 2997 252 3046 est
269 3007 389 3067 parvum
411 2991 527 3050 mulum.
560 3001 736 3068 generantur
753 3012 790 3053 ex
813 3011 887 3071 equa
903 3001 932 3054 et
950 2993 1070 3068 onagris
1088 3009 1166 3052 roan·

156 3073 294 3132 suelaotis
309 3074 403 3136 mulae
420 3075 541 3136 veloces
558 3078 694 3152 incursu,
716 3077 820 3137 duritia
836 3078 940 3136 exinria
963 3077 1089 3154 pedum,
1114 3094 1165 3136 ve·

155 3151 216 3216 rum
244 3159 373 3234 strigoso
395 3175 532 3237 corpore,
551 3161 809 3223 indomito‘auiruo.
841 3161 894 3222 sed
912 3169 1071 3238 generator
1095 3177 1193 3220 ona-e

154 3257 208 3316 gro
234 3249 265 3302 et
285 3244 364 3305 asina
386 3245 501 3321 genitus
528 3249 620 3304 orunis
647 3246 816 3307 antecellet.
853 3247 956 3322 onagri
979 3242 1012 3304 'in
1037 3244 1165 3322 Phrygia

156 3333 185 3385 et
205 3324 358 3400 Lycaonia
372 3330 533 3406 praecipui.
567 3329 654 3407 pullis
680 3349 780 3390 eorum
803 3348 857 3390 ceu
879 3329 1095 3409 praestantibus
1116 3346 1162 3390 sa-

113 3412 164 3467 175
176 3423 248 3484 pore
276 3411 376 3472 Africa
401 3413 559 3490 gloriatur,
589 3429 663 3491 quos
694 3414 844 3476 lalisiones
871 3414 1011 3494 appellat.
1054 3413 1161 3476 llulurn
