2462 3900
23 215 27 226 ¹
142 201 204 261 254
301 221 302 228 ’
492 208 522 258 0.
538 207 634 256 Puro
651 205 798 256 SECUNDI

141 385 213 447 pers
228 365 336 426 orbitas
354 366 383 425 in
403 366 574 425 auctoritate
590 380 697 423 summa
713 370 743 422 et
757 361 886 440 potentia
902 377 989 439 esse,
1011 362 1144 441 captatio

140 453 168 512 in
183 459 303 530 quaestu
315 448 509 523 fertilissimo,
523 466 557 508 ac
573 448 637 507 sola
650 445 754 526 gaudia
768 447 797 506 iu
812 444 1007 524 possidendo,
1020 463 1144 524 pessum

140 537 202 595 iere
222 536 296 594 vitae
317 533 427 612 pretia,
444 547 602 610 omnesque
617 549 633 592 ι
648 547 781 592 maxumo
796 529 873 589 bono
889 530 1030 592 liberales
1045 529 1144 590 dictae

141 628 218 679 artes
233 620 261 677 in
285 618 457 677 eontrarium
473 617 625 691 cecidere,
648 633 683 676 ac
707 615 845 674 servitute
867 615 931 675 sola
947 614 1052 696 prolici
1071 631 1143 674 coe·

111 712 225 782 optum.
251 701 325 764 bane
338 700 411 762 aliut
423 699 481 762 abc
492 701 579 778 modo
594 700 665 759 etin
680 697 746 760 allis
760 697 900 774 adorare,
916 699 1019 762 ecdem
1032 693 1165 772 tamena

53 777 59 792 “
140 785 323 865 habendique
349 783 384 844 ad
410 801 496 862 spes,
522 785 643 844 omnium
670 782 806 842 tendente
826 791 905 841 voto.
938 782 1046 862 passim
1068 798 1143 841 vero

140 872 225 930 etiam
242 869 353 946 egregii
364 867 458 927 aliena
472 869 541 930 vitia
556 885 640 945 pram
651 867 727 926 bona
743 884 793 926 sua
808 866 910 926 colere
926 866 1022 926 malle.
1054 882 1142 943 ergo,

112 951 299 1024 illercules,
323 951 458 1029 voluptas
480 953 579 1011 vivere
597 951 709 1030 coepit,
732 952 789 1010 vita
806 951 869 1029 ipsa
885 951 979 1010 desiit.
1009 948 1071 1010 Sed
1088 966 1143 1013 uos

139 1035 306 1096 oblitterata
328 1051 445 1112 qnoque
468 1034 672 1110 scrutabimur,
698 1051 754 1093 nec
781 1034 942 1095 deterrebit
963 1034 1143 1112 quarundam

139 1135 235 1180 rerum
249 1115 409 1194 humilitas,
425 1120 500 1180 sicut
514 1137 568 1178 nec
584 1121 613 1178 in
627 1118 795 1180 trinalibus
810 1118 896 1194 iecit,
913 1133 1086 1196 utrumquem
1102 1118 1142 1176 vi-
1153 1131 1174 1172 n

140 1203 239 1262 demus
253 1201 412 1279 Vergilium
431 1203 738 1282 praecellentissimam
752 1211 848 1261 vatem
865 1219 900 1262 ea
915 1202 952 1262 dc
968 1217 1056 1260 cansa
1075 1201 1143 1261 lror-

138 1297 232 1346 torum
247 1286 331 1346 dotes
346 1286 457 1364 iugisse
476 1289 548 1346 etin
564 1289 602 1346 iis
615 1303 690 1364 quae
704 1286 814 1346 rettulit
833 1285 923 1346 llorss
940 1285 1026 1345 modo
1045 1303 1144 1345 rarum

140 1371 344 1450 decerpsisse,
366 1370 481 1432 beatum
496 1371 673 1449 lelicsmque
689 1371 801 1447 gratiae
821 1383 869 1430 xv
892 1372 1007 1430 omniuo
1024 1370 1144 1447 gamm

138 1455 193 1516 bns
207 1471 325 1519 uramur
340 1456 509 1531 nominatis,
531 1455 624 1516 tribus
637 1455 738 1529 oleae,
760 1453 880 1514 totidem
895 1456 1041 1534 piamun,
1063 1453 1144 1514 malo

137 1555 210 1599 vero
223 1547 329 1599 tanturn
343 1537 482 1615 Assyrio,
499 1541 607 1598 ceteris
623 1537 754 1597 omnibus
768 1537 922 1616 neglectis.
1151 1549 1172 1590 ¹⁵

109 1633 128 1686 8
202 1621 265 1702 (2.)
282 1621 365 1695 Unde
382 1633 476 1686 autem
488 1625 584 1703 potius
601 1624 771 1700 incipiamus
788 1639 872 1700 quam
886 1639 903 1681 a
918 1619 1049 1682 vitibus?
1069 1639 1142 1700 qua·

137 1723 200 1765 rum
214 1707 392 1782 principatus
402 1709 431 1765 ia
442 1716 548 1768 tantum
561 1706 718 1785 peculiaris
730 1703 830 1765 ltaliae
848 1715 897 1764 est
907 1715 937 1764 ut
950 1706 998 1764 vel
1011 1705 1070 1766 boc
1083 1723 1142 1764 uno
1223 1703 1225 1712 ⁴

138 1789 233 1848 omnia
258 1790 385 1865 gentium
403 1790 511 1850 vicisse
536 1792 621 1850 etiam
642 1789 789 1850 odorifera
815 1791 910 1867 possit
934 1789 1035 1852 videat
1052 1790 1141 1864 bona,

138 1887 308 1951 quamquam
318 1871 491 1952 ubicumque
502 1873 721 1952 pubescentium
731 1873 814 1934 odori
828 1873 906 1933 anlla
915 1875 1042 1934 suavitas
1053 1892 1142 1952 prae

112 1956 238 2021 oiertur.
258 1949 339 2034 'Gap
358 1958 384 2015 1.
413 1956 496 2017 Vites
510 1959 572 2017 iure
590 1959 666 2037 apud
682 1958 796 2037 priscos
812 1957 1004 2035 magnitudine
1020 1973 1174 2037 quoquere
1207 1962 1220 2009 L

137 2043 212 2101 iuter
228 2039 357 2100 arbores.
367 2041 596 2102 numerabantur.
623 2041 701 2102 loris
719 2041 944 2102 simulacrum'in
958 2041 1031 2101 urbe
1043 2041 1141 2120 Popu·
1158 2063 1166 2090 ⁵

138 2125 216 2186 lonin
233 2143 271 2184 ex
286 2140 342 2185 una
359 2126 553 2205 conspicimus
569 2136 613 2186 tot
628 2127 708 2186 aeris
723 2128 936 2204 incorruptum,
953 2128 1021 2186 item
1038 2124 1141 2186 blaesi·

138 2208 195 2268 liae
211 2215 351 2288 pateram.
383 2209 543 2289 bletaponti
565 2210 701 2288 templum
719 2208 834 2269 lunonis
860 2210 1008 2286 vitigineis
1029 2209 1139 2270 colum·

137 2294 183 2352 nia
199 2293 287 2353 stetit.
318 2297 404 2354 etiam
419 2313 495 2354 nune
510 2294 597 2353 scalis
613 2303 719 2353 tectum
735 2291 883 2372 Ephesiae
897 2289 1008 2356 Dianae
1026 2293 1139 2353 scandi·

136 2382 183 2437 tur
196 2395 252 2437 una
273 2379 362 2438 erite
378 2376 500 2457 Cypria,
516 2387 546 2438 ut
557 2377 668 2452 ierunt,
686 2378 821 2455 quoniam
842 2377 881 2436 ibi
899 2377 935 2438 ad
952 2378 1173 2456 praecipuarum

138 2461 354 2538 amplitudinem
375 2472 492 2545 exeunt.¹
528 2479 583 2520 nec
604 2469 649 2520 est
675 2460 832 2538 ligncnlli
857 2462 1003 2522 aeternior
1026 2470 1137 2522 nanum.

21 2551 27 2558 '
136 2560 237 2602 verum
252 2545 307 2603 itta
324 2561 362 2604 ex
376 2543 557 2605 silvestribus
574 2545 650 2606 iacta
667 2544 848 2605 crediderim.

70 2691 73 2698 ,
96 2639 129 2694 1⁰
201 2626 265 2704 (3.)
287 2625 349 2687 Hae
370 2629 444 2688 vites
462 2638 580 2689 tonsura
602 2647 693 2688 annua
709 2638 897 2706 coercentur,
924 2638 954 2690 et
975 2629 1019 2688 vis
1041 2645 1139 2688 earnm

137 2711 231 2769 omnis
246 2720 387 2770 evocatur
401 2713 429 2771 in
443 2713 576 2792 palmites
592 2723 640 2772 aut
654 2713 823 2791 deprimitur
837 2715 866 2772 in
880 2713 1081 2792 propagines,
1091 2731 1140 2771 su-

136 2796 452 2958 institisti:
468 2796 1137 2960 ilitlllidltlntntilldtt‘ltt
1147 2805 1173 2847 ³⁰

451 2925 457 2940 ι
1028 2924 1036 2956 ,
1127 2911 1138 2924 “

138 2972 240 3042 tasone
252 2963 414 3043 conplexae
427 2974 513 3044 aque
523 2983 577 3044 per
591 2982 688 3026 ramos
700 2983 796 3025 earum
808 2965 982 3044 procacibus
992 2963 1139 3024 bracchiis

138 3047 301 3125 geniculato
328 3063 414 3109 cursu
442 3050 614 3110 scandentes
641 3050 787 3110 cacumina
813 3059 951 3128 aequant,
977 3051 1005 3108 in
1030 3057 1140 3110 tautum

138 3132 275 3194 sublimes
287 3141 318 3192 ut
328 3131 499 3193 vindemitor
513 3143 677 3206 auctoratus
691 3151 792 3211 rogum
806 3151 841 3196 ec
851 3135 988 3196 tumulum
1000 3135 1136 3212 excipiat.

96 3223 127 3277 11
136 3215 214 3276 nulla
231 3216 287 3278 ilice
302 3225 454 3293 crescunt,
476 3216 621 3297 dividique
636 3227 683 3278 aut
705 3218 802 3297 potius
821 3217 891 3278 velli
912 3217 1099 3297 aequaeua*
1116 3219 1130 3254 ⁸
1145 3227 1171 3269 tt

137 3299 224 3365 villas
236 3309 265 3360 et
280 3301 382 3362 domos
407 3300 508 3362 ambiri
526 3301 700 3379 singularum
715 3301 880 3380 palmitibus
901 3321 937 3363 ac
959 3301 1135 3379 sequacibus

138 3381 218 3442 loris.
248 3385 385 3464 quodque
399 3385 537 3451 memoria
551 3386 664 3464 dignum
687 3388 761 3446 inter
775 3388 865 3464 prima
877 3386 1049 3446 Valerianus
1065 3401 1137 3463 quo·

139 3482 196 3542 que
211 3463 363 3530 Cornelius
379 3471 568 3544 existimauit,
592 3488 647 3530 una
667 3471 733 3531 vitis
748 3469 858 3530 Romae
879 3472 907 3530 in
929 3469 1025 3531 Liviae
1043 3471 1136 3548 porti·
1204 3461 1214 3470 ’
