2444 3908
160 135 200 198 ιι
506 147 815 196 c.1³nru1sncnnnr

58 361 61 372 ,
160 305 238 364 tium.
260 303 314 361 iam
329 303 388 363 tela
405 301 481 364 humi
499 301 626 362 collecta
643 302 733 378 equiti
750 302 911 380 porrigunt.
944 318 1010 360 nam
1035 303 1069 359 in
1087 303 1173 361 cieo

155 388 196 448 ad
213 403 313 446 currus
334 389 421 448 iuncti
442 403 500 446 non
516 386 601 447 dubie
623 385 801 444 intellectum
822 376 1033 444 adhortationis
1056 395 1086 444 et
1100 386 1173 462 glo-

118 472 235 534 looriae
252 470 387 531 latentur.
421 467 522 531 Claudi
540 467 675 530 Caesaris
691 469 883 530 saecularium
899 468 1034 529 ludorum
1053 470 1172 528 cuce:-

160 555 240 614 sibus
257 572 382 614 excusso
405 556 433 613 in
459 553 626 615 carceribus
649 555 746 630 auriga
770 552 874 614 albatis
900 551 1016 612 Corace
1036 569 1172 632 occupa·

158 658 245 714 uere,
265 640 416 716 primatum
439 640 592 718 optinuere
616 647 814 716 opponentes,
836 637 1032 711 effundentes,
1057 639 1193 696 omnis-s

159 743 216 802 que
231 732 332 783 contra
353 723 483 782 aemulos
500 740 575 801 quae
605 722 775 782 debuissent
796 723 971 800 peritissimo
994 723 1102 798 auriga
1124 723 1171 780 ιι-

74 809 77 814 ’
158 809 279 868 sistente
297 807 449 880 facientes,
467 824 531 866 cum
544 807 668 885 puderet
682 807 828 866 hominum
840 807 910 866 artis
921 805 958 865 ab
973 807 1063 882 equis
1081 808 1170 886 vinci,

117 900 296 970 lolperacto
318 891 447 966 legitimo
466 909 552 950 cursu
573 891 608 950 ad
625 901 733 950 cretam
749 901 869 953 stetere.
900 891 990 948 maius
1014 892 1169 967 auguri-

158 975 234 1052 upud
248 975 362 1052 priscos
379 973 493 1052 plebeis
509 976 689 1034 circensibus
704 980 830 1034 excusso
846 975 946 1050 auriga
964 975 1003 1032 ita
1018 983 1052 1032 ut
1071 975 1098 1032 si
1112 983 1168 1032 sta·

158 1067 203 1116 ret
218 1059 246 1115 ιιι
265 1054 436 1136 Capitolium
465 1061 629 1118 cucurrisse
646 1077 739 1137 equos
761 1059 922 1136 aedemque
940 1067 985 1116 ter
1008 1059 1198 1133 lustrasse!

158 1159 318 1218 manumum
332 1160 404 1201 vero
420 1143 524 1203 eodem
546 1145 718 1221 pervenisse
740 1143 842 1204 aVeis
865 1160 929 1202 eum
951 1143 1051 1220 palma
1068 1152 1104 1202 et
1120 1159 1166 1200 co-

159 1243 230 1285 rona
247 1225 338 1285 eiiuso
360 1226 537 1288 Ratumenna
555 1230 604 1306 qui
626 1227 666 1288 ibi
681 1229 807 1302 vicerat,
832 1226 906 1286 unde
928 1235 1035 1304 postea
1061 1243 1166 1286 nornen

117 1319 167 1373 162
177 1319 278 1388 portae
303 1319 356 1370 est.
389 1312 535 1372 Sarmatae
563 1312 722 1390 longinquo
744 1311 835 1371 acturi
850 1310 945 1370 inedia
960 1311 1059 1389 pridie
1084 1328 1164 1390 prae

160 1404 262 1472 parant
280 1412 350 1469 eos,
375 1403 473 1473 potum
489 1399 623 1472 exiguum
645 1397 845 1473 impertientes,
867 1404 954 1471 atque
968 1396 1008 1454 ita
1026 1413 1085 1472 per
1103 1413 1164 1454 cen

159 1487 227 1538 tena
241 1479 317 1538 milia
336 1488 365 1537 et
379 1480 584 1558 quinquaginta
604 1481 738 1540 continuo
761 1498 852 1539 eursu·
869 1478 1002 1538 euntibus
1026 1480 1196 1540 insidentis

158 1561 265 1620 Vivont
280 1563 359 1622 annis
376 1564 488 1639 quidam
503 1567 724 1642 quinquagenis,
740 1565 844 1623 femina
861 1564 970 1622 minore
990 1565 1104 1640 spatio.
1123 1574 1172 1622 cr*

160 1645 225 1704 dem
240 1647 432 1723 quinquennio
455 1648 540 1708 linem
560 1648 711 1708 crescendi
728 1650 820 1726 capit,
842 1664 937 1706 mares
955 1665 1032 1706 anno
1057 1648 1165 1707 addito.

159 1725 263 1788 Forma
287 1748 426 1807 equorum
448 1733 542 1808 qualis
567 1750 698 1791 maxume
720 1732 780 1810 legi
808 1740 943 1810 oporteat
964 1731 1165 1808 pulcherrime
1215 1775 1217 1798 ,

160 1811 275 1889 quidem
290 1813 422 1890 Vergilio
438 1824 505 1874 vate
521 1814 654 1876 absoluta
672 1826 726 1876 est.
760 1816 814 1876 sed
830 1825 928 1875 stnos
945 1815 1074 1874 diximus
1092 1815 1164 1874 inli-
1216 1837 1217 1842 ¹

158 1895 212 1955 bro
229 1896 266 1956 de
281 1897 455 1963 iaculatione
473 1901 601 1976 equestri
617 1901 749 1975 condito,
772 1910 802 1960 et
817 1900 879 1959 iere
895 1901 970 1959 inter
984 1902 1083 1959 omnis
1102 1913 1194 1960 con-u

92 1975 96 1982 ”
159 1980 347 2040 sterevideo.
377 1983 491 2042 diversa
506 1992 601 2044 autem
617 1985 695 2044 circo
717 1986 791 2044 ratio
809 1985 964 2062 quaeritur.
983 1984 1089 2060 itaque
1106 2001 1164 2043 cnm
1216 2019 1217 2022 =

158 2062 226 2124 bimi
244 2065 272 2124 in
290 2066 347 2126 alio
362 2066 571 2143 subiungantur
586 2069 725 2146 imperio,
746 2085 804 2128 non
819 2077 884 2127 ante
907 2069 1109 2144 quinquennis
1132 2067 1166 2126 ibi

160 2157 307 2211 certamen
321 2152 435 2229 accipit.

118 2241 168 2296 163
239 2235 325 2314 (66.)
354 2235 468 2299 Parium
488 2237 516 2295 in
539 2255 575 2296 eo
597 2254 708 2313 genere
732 2235 852 2295 undenis
879 2233 1026 2294 mensibus
1057 2235 1166 2310 ierunt,

158 2318 330 2380 duodecimo
355 2322 483 2398 gignunt.
523 2323 615 2381 coitus
637 2337 728 2379 verno
749 2320 935 2397 aequinoctio
949 2319 1027 2376 bimo
1045 2323 1194 2398 utriquest

158 2403 305 2478 volgaris,
329 2405 382 2464 sed
398 2423 414 2464 a
430 2407 545 2464 trimatu
566 2405 673 2464 firmior
693 2413 801 2481 partus.
836 2411 959 2479 generat
981 2419 1041 2460 mas
1061 2405 1102 2463 ad
1121 2423 1169 2462 an·

158 2501 212 2542 nos
229 2487 344 2561 triginta
359 2489 410 2546 tris
420 2497 551 2565 ,utpote
571 2507 633 2547 oum
654 2489 765 2546 aeirco
786 2497 854 2564 post
877 2487 1044 2546 vicesimum
1062 2505 1169 2547 annun

157 2569 302 2627 mittantur
317 2569 352 2628 ad
368 2570 510 2630 subolem
535 2569 647 2648 Opunte
666 2581 696 2630 et
702 2572 747 2632 ad
764 2571 952 2649 quadraginta
967 2571 1094 2630 durasse
1110 2581 1167 2632 tra·

116 2649 244 2711 164duut
257 2651 381 2710 adiutum
402 2654 517 2713 modo'
509 2673 537 2716 ιιι
553 2655 709 2715 attollenda
726 2658 823 2734 priore
841 2665 924 2734 parte
947 2655 1095 2732 corporis.
1112 2655 1172 2722 sed

159 2733 399 2810 adgenerandum
412 2738 681 2815 paucisanimalium
690 2741 783 2799 minor
794 2739 938 2799 fertilitas.
956 2737 1056 2815 quade
1072 2755 1195 2799 causas

158 2818 310 2880 intervalla
323 2819 500 2882 admissurae
513 2823 624 2897 duntur,
636 2842 692 2882 nec
703 2831 799 2884 tamen
811 2823 995 2900 quindecim
987 2822 1074 2882 tuitus
1087 2825 1166 2884 eius·

159 2902 224 2964 dem
246 2905 310 2963 anni
332 2905 411 2964 valet
432 2905 569 2968 tolerare.
609 2925 746 2984 equarum
772 2907 860 2967 libido
882 2907 1078 2982 exstinguitur
1098 2907 1165 2968 iulta

159 2995 252 3048 tonsa.
283 2989 403 3065 gignunt
429 2991 509 3050 annis
534 2990 664 3050 omnibus
691 2991 727 3052 ad
755 2993 1016 3091 quadragesimum.
1050 2992 1166 3051 vixisse

117 3079 167 3132 165
176 3091 282 3152 equom
303 3075 484 3172 septinginta
504 3076 629 3153 quinque
651 3092 740 3134 annos
760 3076 900 3153 proditur.
933 3076 961 3134 in
975 3075 1033 3135 lroc
1046 3092 1165 3158 genere

158 3159 278 3232 gravida
292 3167 372 3218 stans
388 3159 473 3256 parit,
490 3168 665 3256 praeterque
682 3168 797 3220 ceteras
814 3161 903 3220 fetum
918 3153 1019 3236 diligit
1045 3167 1074 3219 et
1090 3177 1195 3220 sareas

161 3243 243 3317 equis
263 3243 367 3302 amoris
389 3243 498 3304 innasci
519 3243 690 3321 veneficium
717 3244 914 3342 hippomanes
932 3243 1143 3321 appellstum'
1133 3261 1166 3302 ιιι

160 3319 267 3401 fronte,
284 3328 398 3388 caricae
413 3313 620 3404 magnitudine,
647 3328 748 3388 colore
766 3329 861 3404 nigro,
878 3327 955 3406 quod
971 3327 1067 3386 statim
1081 3327 1162 3386 edito

59 3444 61 3450 ·
161 3417 243 3482 partu
259 3410 380 3474 devorat
395 3411 455 3472 fetu
470 3419 517 3472 aut
536 3419 647 3489 partum
662 3411 699 3470 ud
714 3411 805 3471 ultera
820 3425 877 3473 non
893 3411 1022 3470 admittit.
1050 3413 1075 3470 si
1098 3411 1162 3490 quis
