2444 3908
174 161 216 226 ot
521 172 551 219 c.
570 172 666 220 rnrsr
683 169 834 218 securum

173 338 244 391 tunt.
278 329 368 390 intent
385 327 497 388 emissis
514 327 594 387 velut
611 328 746 388 inermes.
778 328 830 388 sed
852 336 881 386 et
895 327 924 386 lri
947 325 1028 386 bono
1041 341 1099 384 suo
1112 327 1178 384 inri-

175 415 288 475 dentes.
318 413 449 473 dextrum
467 427 556 470 cornu
573 421 678 488 negent
691 413 812 472 inveniri
829 429 883 470 ceu
898 411 1117 470 medicamento
1131 409 1180 470 eli·

174 515 231 579 quo
246 497 416 577 praeditum,
438 495 525 573 idque
542 495 699 555 mirabilius
719 497 937 570 fatendumst,
958 511 1025 554 curn
1048 501 1079 552 et
1098 495 1127 552 in
1141 495 1178 552 ri·

174 585 261 644 variis
280 591 388 641 mutent
409 579 539 640 omnibus
561 581 651 640 anuis.
682 581 781 642 deiodi
798 580 833 640 ab
857 581 892 639 iis
919 587 1033 658 putent.
1065 581 1180 638 accensi

174 678 266 728 sutem
282 669 373 726 utrius
389 664 478 724 libent
504 664 596 724 odore
612 666 774 725 comitiales
803 663 897 724 morbi
912 663 1196 744 deprehendamini

66 799 72 818 ,
133 751 293 818 rrfiindicie
310 767 428 828 quoque
444 751 547 808 setstis
562 751 590 807 in
605 748 664 808 illis
675 759 789 826 gerunt,
807 748 938 826 singulos
953 749 1040 807 annis
1058 747 1180 809 ediciee

173 838 249 897 tibus
264 851 360 893 rernos
377 851 469 910 usque
482 831 518 891 sd
533 835 680 892 sexennis.
713 834 748 894 eb
767 851 803 893 eo
819 843 952 912 tempore
978 831 1092 891 similia
1114 833 1180 890 reri-

172 927 306 993 ueseunt‚
329 935 384 976 uec
401 925 500 995 potest
514 926 596 976 setes
618 916 756 994 discerni,
773 918 825 978 sed
841 915 975 977 dentibus
991 925 1123 975 senecta
1139 916 1181 976 de·

174 1006 309 1066 claretur.
342 1010 389 1060 aut
412 1001 487 1060 enirn
509 1017 618 1079 peueos
639 1011 687 1062 sut
702 1003 798 1063 nullos
815 1001 937 1076 hubent,
959 1019 1018 1060 nec
1045 1002 1076 1059 in
1094 1000 1179 1060 corni

174 1089 228 1146 bus
242 1087 305 1144 imis
320 1102 415 1145 ramos
435 1085 542 1164 alioqui
559 1094 625 1144 unte
641 1085 765 1146 irontenr
780 1087 944 1166 prominere
966 1085 1081 1144 solitos
1099 1085 1203 1144 lunico

132 1180 182 1236 117
190 1170 278 1232 ribus.
311 1186 369 1228 non
386 1169 521 1230 decidunt
537 1155 671 1230 odstrstis
692 1186 800 1230 cornus
816 1189 871 1230 nec
888 1176 1059 1230 nuscuntur.
1096 1187 1182 1228 erun·

175 1265 244 1335 punt
276 1263 372 1314 eutem
401 1253 620 1314 renascentibus
645 1253 795 1315 tuberibus
820 1255 912 1335 prinro
935 1254 1037 1314 undae
1058 1255 1137 1314 cutis
1150 1255 1182 1311 si

174 1339 261 1400 milis.
289 1338 391 1399 endem
414 1340 524 1398 terreris
540 1339 706 1398 increscunt
728 1337 829 1402 ieruiis
844 1337 1041 1399 lrerundinese
1059 1340 1093 1397 in
1110 1339 1182 1417 peni·

175 1425 255 1486 ouius
278 1423 358 1484 molli
374 1421 498 1501 plumata
515 1422 660 1500 lanugine.
692 1423 825 1502 quamdiu
852 1431 952 1482 curent
967 1423 1020 1497 iis,
1048 1422 1182 1482 noctibus

174 1507 336 1587 procedunt
357 1506 392 1566 ed
414 1505 529 1584 pabule.
563 1507 756 1568 increscentia
781 1508 855 1568 solis
880 1523 991 1585 vapore
1019 1506 1135 1567 durent
1153 1504 1206 1564 edit

175 1592 297 1651 arbores
319 1589 440 1650 subinde
461 1593 659 1670 experientes.
692 1591 740 1654 ubi
764 1592 872 1672 placuit
899 1590 1006 1664 robur,
1032 1593 1068 1650 in
1086 1599 1182 1671 apertu

175 1675 328 1754 prodeunt.
350 1677 487 1754 ceptique
502 1677 556 1736 iem
571 1683 636 1736 sunt
659 1675 768 1737 lrederu
785 1677 812 1736 in
827 1675 965 1735 cornibus
979 1675 1134 1736 viridante
1153 1692 1184 1734 ex
1213 1715 1215 1724 «

144 1753 147 1760 “
175 1761 271 1820 attritu
286 1758 421 1819 arborum
439 1768 469 1818 ut
484 1761 512 1816 in
532 1759 630 1838 aliquo
646 1759 725 1837 ligno
741 1761 866 1836 teneris,
889 1761 954 1823 dun
979 1763 1182 1838 experiuntur,
1213 1769 1215 1846 j

174 1845 280 1903 inuste.
312 1843 365 1902 luit
380 1842 534 1921 aliquando
551 1852 580 1901 et
596 1845 719 1906 osudido
737 1845 849 1919 colore,
865 1843 983 1922 qualern
1007 1844 1109 1904 inisse
1132 1854 1183 1904 trt-

174 1927 243 1988 dunt
258 1926 294 2000 Q.
307 1929 421 1990 Sertori
438 1943 552 1985 cerrum
573 1943 657 2005 quem
676 1945 743 1987 esse
764 1929 909 1990 lstidicum
928 1927 1093 2008 llispsnise
1115 1939 1207 2006 gens

133 2011 266 2076 lldtibus
283 2019 479 2089 persuaserit.
503 2007 540 2068 Et
551 2010 586 2068 iis
604 2021 648 2070 est
663 2031 728 2072 cunr
744 2022 882 2091 serpente
898 2029 1004 2092 pugne.
1033 2015 1184 2090 vestigent

174 2113 331 2171 nevernis,
354 2095 521 2174 nariumque
545 2095 647 2172 spiritu
668 2097 820 2156 extrahunt
841 2097 1000 2156 renitentie
1034 2097 1109 2156 ideo
1130 2099 1183 2156 sin

174 2181 276 2258 gulare
301 2179 455 2258 abigendis
481 2179 667 2257 serpentibus
690 2181 765 2242 odor
790 2181 893 2240 edusto
928 2181 1048 2240 cerrino
1081 2197 1183 2254 cornu,

174 2276 274 2326 contre
298 2283 411 2326 nrorsus
432 2281 503 2323 vero
522 2265 710 2344 praecipuum
731 2265 887 2324 remedium
909 2283 947 2324 err
970 2265 1101 2341 coagulo
1123 2265 1183 2327 bin·

133 2351 269 2414 nonnisi
284 2352 381 2409 rnntris
398 2349 426 2407 iu
442 2357 525 2408 utero
548 2351 649 2408 occisi.
678 2349 745 2408 Vite
761 2351 857 2410 cervis
875 2348 1060 2408 inconfesse
1081 2350 1206 2426 lorge*

175 2443 243 2510 post
260 2443 373 2492 centurn
389 2449 479 2491 nunes
497 2449 513 2490 s
529 2432 698 2511 quibusdum
715 2436 807 2512 ceptis
823 2451 888 2494 eum
904 2431 1056 2512 torquibus
1087 2437 1184 2494 eureis

175 2533 248 2592 quos
261 2515 429 2574 Alexander
436 2513 558 2590 lingens
572 2515 723 2578 eddiderat
734 2519 881 2596 adopertis
892 2518 946 2576 ism
960 2525 1026 2576 cute
1037 2519 1065 2576 in
1079 2535 1185 2596 resgse

175 2596 328 2656 obesitate.
359 2597 482 2657 febrium
504 2598 622 2659 morbos
644 2619 701 2662 non
728 2603 814 2662 sentit
837 2601 894 2662 hoc
919 2601 1046 2675 ιιιιιιιιιι,1
1062 2605 1134 2679 quin
1159 2611 1185 2662 et

175 2681 308 2740 medetur
326 2682 392 2741 huic
413 2682 516 2740 timori.
558 2685 695 2768 qpusdem
713 2687 799 2746 nodo
812 2687 960 2765 principes
979 2685 1105 2746 feminus
1129 2689 1183 2747 sci·

174 2783 236 2824 nus
249 2765 379 2825 omnibus
395 2763 498 2828 diebus
514 2769 656 2829 matutinis
677 2787 793 2830 carnem
814 2789 876 2831 eenr
898 2771 1055 2847 degustare
1077 2772 1207 2832 solitsss

175 2858 204 2909 et
216 2849 305 2926 longo
328 2867 401 2910 aero
418 2853 548 2911 caruisse
563 2851 709 2930 lebuinus,
729 2855 807 2932 quod
822 2857 861 2916 its
872 2855 985 2914 demum
1006 2857 1183 2918 existumet

170 2943 276 3012 Eretum,
292 2935 317 2993 si
327 2934 449 2994 volnere
464 2952 520 2996 uno
537 2937 686 2997 interierit.

103 3061 107 3066 -
131 3029 185 3082 luo
257 3017 306 3080 33.
331 3017 384 3078 list
401 3018 635 3099 eademspecie‚
658 3021 747 3084 barbe
772 3032 879 3083 tentum
898 3032 927 3082 et
942 3039 1086 3084 armornm
1111 3025 1181 3086 villo

175 3104 293 3180 distans,
310 3121 396 3184 quens
408 3099 619 3184 τραγέλαφοι)
630 3117 746 3183 vocant,
765 3125 822 3167 non
835 3107 903 3180 alibi
916 3125 1000 3186 quen
1013 3110 1093 3168 iuxta
1109 3108 1180 3170 Plus·

175 3190 227 3247 sim
242 3207 353 3249 emnem
371 3203 504 3247 nascens.
1185 3211 1203 3252 e

238 3273 322 3352 (51.)
347 3269 461 3331 Gerros
473 3271 573 3334 Africa
585 3275 794 3352 propemodum
807 3275 871 3335 sole
883 3292 940 3334 non
948 3277 1052 3352 gignit,
1067 3283 1096 3336 st
1116 3277 1180 3338 obu-

176 3356 354 3417 meeleonenr
365 3365 396 3416 et
406 3358 480 3435 ipse,
491 3374 661 3435 ιιιιιιιιιιιιιιιιι
669 3359 1011 3438 frequentioremlndise.
1031 3359 1144 3437 Figura
1155 3363 1180 3422 ei

176 3444 206 3494 et
217 3442 379 3514 magnitudo
390 3450 453 3501 erut
464 3441 576 3517 lacerti,
590 3445 643 3501 nisi
656 3461 738 3502 crure
751 3452 851 3502 essent
862 3452 944 3503 rectu
957 3452 986 3503 et
1000 3444 1177 3506 excelsiori.
