2444 3910
261 211 525 259 unumunurn
550 206 669 268 16——19
688 200 842 279 (rs—18.)
954 225 956 234 v
1008 201 1045 262 15

31 366 260 445 sesquipedalis
276 367 372 443 gigni,
395 365 534 443 quosdam
550 367 716 442 longi-,ores
734 368 762 427 99
784 367 896 452 trimma
912 369 1048 449 inplentis

30 453 119 510 99999
139 468 268 524 cursum,
287 451 378 510 99999
369 459 496 550 ignotum
512 460 566 511 999.

104 535 194 614 (17)
242 533 439 594 Invenimus
431 551 458 593 99
484 537 662 594 monimentis
690 533 834 596 Salamine
861 533 1093 612 Euthymenisib

31 619 154 680 filium
146 635 173 678 99
185 620 239 678 9999
251 618 346 678 cubita
358 619 480 679 triennio
490 618 672 694 adolevisse,
689 621 804 678 incessu
818 620 944 695 tardum,
961 639 1048 682 sensu

4 721 17 762 9
33 703 199 784 hebetem,
218 702 364 781 puberem¹
376 705 461 764 etiam
477 703 598 778 lactum,
622 720 697 762 voee
712 703 847 777 robusta,
870 703 1048 782 absumptum

33 788 246 847 contractione
256 787 449 847 membrorum
465 787 557 848 subita
566 789 691 846 triennio
705 789 890 847 circumacto.
920 789 975 866 ipsi
991 806 1048 848 non

32 871 157 950 pridem
182 871 301 930 vidimus
324 872 425 932 eadem
446 872 538 932 ferme
561 873 653 931 omnia
676 878 794 948 praeter
813 871 994 950 pubertatem
1020 873 1050 930 99

33 955 102 1014 alio
121 952 242 1014 Corneli
257 954 350 1016 l’aciti
371 957 475 1033 equitis
498 956 617 1014 Romani
634 955 773 1032 Belgicae
791 955 901 1016 Galliae
919 959 1046 1016 rationes

33 1040 236 1117 procurantis.
265 1036 487 1119 ἐκτραπέλους
507 1039 611 1100 Graeci
627 1049 732 1100 vocant
748 1055 819 1116 999,
842 1038 967 1100 inlatio
989 1057 1046 1099 non

1 1122 152 1185 rehabent
169 1139 282 1182 nomen.

110 1207 158 1266 i7.
191 1207 276 1280 Quod
297 1209 334 1266 999
355 1208 462 1267 bomini
483 1208 603 1284 spatium
625 1208 781 1284 evestigio
800 1207 835 1268 ad
855 1210 996 1267 verticem
1017 1209 1044 1268 id
1055 1217 1090 1274 77

40 1307 114 1350 esse
131 1293 228 1368 pansis
242 1290 372 1350 manibus
386 1291 460 1350 99999
475 1292 661 1390 longissimos
670 1291 777 1367 digitos
793 1290 977 1351 observatam
990 1302 1045 1368 999,

40 1376 130 1433 999999
148 1375 217 1434 viris
232 1375 333 1435 dextra
352 1385 434 1456 parte
446 1377 586 1474 maiores,
604 1375 772 1454 quibusdam
790 1393 899 1453 aequas
914 1383 1046 1453 utraque,

42 1459 152 1536 aliquis
175 1447 264 1518 laeva
278 1477 360 1519 manu
383 1461 571 1538 praecipuas,
599 1477 664 1526 999
681 1459 709 1518 id
730 1476 860 1538 umquam
878 1461 905 1518 99
922 1459 1045 1520 feminis.

2 1541 131 1620 (98)
159 1544 244 1602 maris
264 1553 415 1621 praestare
431 1542 578 1622 pondere,
601 1553 630 1602 et
645 1543 780 1602 defuncta
802 1544 965 1604 viventibus
982 1560 1045 1604 cor·

39 1643 116 1704 pora
133 1627 255 1686 omnium
272 1628 450 1703 animalium,
471 1636 499 1687 et
515 1627 682 1686 dormientia
696 1625 897 1703 vigilantibus,
921 1630 1047 1688 virorum

41 1711 187 1770 cadavera
203 1713 304 1789 supina
320 1711 448 1787 fluitare,
472 1711 639 1772 feminarum
655 1728 762 1790 prona,
780 1711 861 1770 velut
877 1713 980 1790 pudori
997 1712 1046 1772 de-

40 1794 204 1854 functarum
222 1803 362 1872 parcente
377 1805 485 1856 natura.

109 1877 157 1938 19.
181 1876 332 1938 Concretis
352 1880 492 1958 quosdam
513 1878 629 1939 ossibus
650 1895 685 1940 ac
710 1881 773 1941 sine
790 1881 924 1942 medullis
946 1881 1088 1945 vivereid

2 1963 218 2040 9999999999.
256 1964 367 2040 signum
389 1979 489 2023 eorum
505 1981 572 2023 esse
588 1981 643 2022 nec
667 1965 740 2024 sitim
759 1965 867 2026 sentire
888 1983 944 2026 nec
960 1965 1046 2027 sudo·

40 2065 104 2106 9999
126 2047 275 2123 emittere,
299 2064 467 2126 quamquam
491 2057 519 2106 et
539 2049 688 2108 voluntate
712 2051 818 2110 scimus
839 2052 914 2110 sitim
929 2052 1045 2124 victum,

42 2132 228 2229 equitemque
246 2130 404 2191 Romanum
420 2131 520 2190 lulium
535 2131 682 2192 Victorem
696 2151 717 2191 9
728 2132 938 2193 Vocontiorum
958 2144 1046 2210 gente

41 2215 218 2274 loederala
210 2234 237 2274 99
248 2216 438 2295 pupillaribus
454 2216 533 2276 annis
549 2233 623 2292 aqua
638 2215 737 2274 subter
753 2225 848 2276 cutem
865 2217 927 2279 lusa
943 2217 1045 2276 morbo

42 2299 217 2384 prohibitum
236 2315 334 2358 umore
356 2318 372 2359 a
395 2299 514 2358 medicis
532 2307 661 2357 naturam
676 2298 786 2358 iecisse
809 2300 1046 2359 consuetudinem

8 2393 132 2462 aratque
153 2384 181 2440 99
205 2393 324 2442 senecta
348 2383 574 2460 caruissepotu.
606 2401 661 2442 nec
683 2400 740 2445 non
762 2384 858 2444 etalii
881 2383 968 2443 multa
992 2374 1046 2442 s'ibi

44 2469 236 2545 imperavere.

111 2550 158 2610 19.
192 2549 299 2611 Ferunt
321 2549 457 2610 Crassum
476 2569 560 2612 avom
577 2549 707 2612 Crassi
698 2569 727 2610 m
748 2551 859 2612 Parthis
879 2553 1043 2632 interempti
1055 2561 1090 2616 79

45 2649 194 2712 numquam
210 2636 326 2711 risisse,
348 2635 386 2693 ob
402 2635 429 2694 id
440 2635 613 2714 Agelastum
626 2644 777 2711 vocaturn,
797 2639 870 2696 sicut
885 2655 941 2696 nee
956 2637 1046 2698 llesse

45 2719 158 2778 multos.
203 2719 354 2779 Socratem
376 2719 484 2779 clarum
511 2723 653 2798 sapientia
680 2719 784 2780 eodem
809 2738 926 2799 semper
954 2723 1045 2780 visum

12 2803 140 2876 9999999,
159 2819 214 2863 999
229 2804 383 2863 9999999999
398 2805 490 2881 magis
506 2813 554 2864 999
565 2803 690 2865 turbato
721 2801 790 2864 Exit
806 2803 853 2864 luc
865 2807 950 2864 999999
962 2815 1046 2866 99999

47 2887 222 2963 aliqnando
214 2905 241 2946 99
257 2887 386 2964 rigorem
404 2888 545 2965 quandam
564 2889 787 2967 torvitatemque
808 2895 927 2949 naturae
947 2890 1045 2949 duram

48 2979 75 3028 et
89 2970 273 3030 inllexibilem
282 2971 497 3051 ,adfectusque
511 2974 649 3033 humanos
661 2971 757 3032 adimit
765 2974 887 3052 ,qualis
904 2965 1045 3042 ἀπαθεῖς

48 3053 147 3113 Graeci
170 3063 275 3115 vocant
293 3053 397 3116 maltos
415 3057 478 3115 9999
495 3059 613 3134 generis
635 3058 767 3134 experti,
792 3057 927 3138 quodque
944 3057 1090 3116 9999999989

49 3139 99 3212 999,
124 3147 256 3199 99999999
274 3157 406 3199 maxume
423 3141 599 3218 sapientiae,
622 3139 776 3219 Diogenen
797 3141 952 3238 Cynicum,
975 3139 1043 3213 Pyr·

16 3235 160 3297 aaronem,
181 3221 376 3299 Heraclitum,
397 3222 563 3300 Timonem,
585 3224 660 3286 banc
680 3227 796 3307 quidem
812 3229 896 3286 etiam
914 3226 941 3282 99
956 3223 1043 3282 totins

51 3307 140 3366 odium
161 3309 289 3384 generis
302 3307 414 3367 hnmani
438 3317 579 3369 evectum.
627 3311 687 3372 Sed
715 3311 789 3372 lmen
810 3323 898 3391 parva
925 3315 1043 3366 naturae

49 3393 163 3469 insignia
188 3393 215 3449 99
235 3392 330 3451 maltis
353 3392 432 3453 varia
456 3403 687 3471 cognoscuntur,
715 3403 744 3453 ut
767 3397 795 3454 in
816 3394 940 3454 Antonia
957 3389 1044 3452 Drusi

3 3477 5 3540 ζ
50 3493 191 3554 numquam
209 3478 378 3555 exspuisse,
400 3478 429 3536 99
444 3478 602 3558 Pomponio
623 3478 766 3538 consulari
789 3485 875 3555 poeta
893 3493 1044 3557 numqaum
