2462 3900
98 241 101 248 ,
174 185 236 248 ato
512 195 661 244 o.rnm1
684 193 834 242 sacurem
929 243 933 250 ,

175 354 335 430 adynamon
357 351 415 412 hoo
436 351 539 412 modo:
572 350 629 411 albi
649 352 734 410 musti
751 349 889 410 samonis
911 361 960 406 xx
981 361 1075 426 aquae
1098 345 1178 406 dini-
1219 339 1220 350 ’

175 437 250 498 diurn
267 434 300 476 **
316 436 412 496 fervet
433 434 529 494 donec
550 443 730 512 excoquatur
754 451 848 511 aquae
870 447 1012 491 mensura.
1045 429 1095 490 alii
1121 445 1178 488 raa

175 523 255 581 rinae
285 520 431 580 sextarios
457 519 577 595 decem,
605 517 769 580 tantundem
798 517 931 596 pluviae,
960 516 988 573 in
1017 513 1085 573 sole
1112 531 1179 592 qua·

175 606 304 683 draginta
328 603 431 664 diebus
453 611 575 664 torrent.
604 601 672 662 dant
693 604 792 680 aegris
814 600 917 680 quihus
938 600 995 658 vini
1011 600 1130 658 noxiam
1147 595 1180 660 ti·

133 698 275 753 101nrent.
291 689 342 767 [2]
356 687 528 748 Proxumum
540 687 570 747 lit
581 704 598 746 e
611 686 669 746 mili
678 689 788 746 semine
799 694 909 744 maturo
920 701 984 744 cum
995 683 1061 761 ipsa
1073 681 1201 760 stipulas

175 773 275 834 libram
291 771 478 850 quadrantem
501 773 528 834 io
544 773 666 848 congios
688 769 761 832 duos
781 770 881 845 musti,
902 775 1051 829 macerato
1067 773 1182 844 etpost

134 857 169 932 ,ξς
184 866 344 936 septumum
357 873 488 925 ¹mensem
502 856 657 915 transfuso.
682 873 720 914 ex
734 855 794 915 loto
810 853 933 929 arbore,
952 850 1074 926 lrutioe‚
1091 851 1182 911 herha

133 950 183 1004 102
195 940 301 1001 dictum
318 948 363 997 est
379 939 418 998 uti
435 955 570 1018 quaeque
593 939 706 999 derant.
736 939 788 1018 {a}
811 936 898 998 Fiant
912 947 942 997 et
958 955 976 996 e
992 935 1088 1016 pomis
1109 951 1181 1015 quae

174 1023 304 1083 dicemus
328 1022 613 1099 interpretationibus
636 1039 692 1082 non
716 1023 770 1082 nisi
785 1023 960 1082 necessariis
977 1019 1103 1096 additis,
1127 1021 1181 1098 pri

173 1123 307 1186 mumque
324 1105 475 1184 spalmis,
497 1123 555 1185 qno
570 1105 682 1183 Parthi,
703 1105 764 1166 lndi
786 1115 899 1166 utuntur
922 1115 951 1165 et
975 1106 1209 1179 crisostomus

57 1199 64 1206 '
174 1191 329 1264 mitiorum,
346 1206 418 1268 quas
434 1200 540 1250 vocant
554 1190 718 1266 chydaeas,
733 1191 831 1254 modio
846 1191 875 1250 in
889 1207 980 1268 aquae
999 1189 1118 1266 congiis
1134 1189 1183 1248 tri-

173 1275 228 1336 hus
250 1285 397 1336 macerato
422 1291 637 1353 expressoque.
673 1276 716 1336 sic
739 1275 770 1334 lit
794 1283 823 1334 et
842 1277 951 1350 sycites
968 1291 986 1332 e
1002 1273 1077 1346 lico,
1097 1289 1184 1352 quera

175 1361 223 1421 alii
240 1359 459 1437 pharnuprium,
481 1359 529 1418 alii
550 1358 663 1419 trochin
677 1367 792 1420 vocant.
823 1368 870 1418 aut
895 1361 919 1418 si
935 1357 1022 1418 dulce
1038 1375 1112 1416 esse
1130 1371 1185 1416 non

175 1444 275 1518 libeat,
293 1460 347 1521 pro
363 1461 437 1522 aqua
449 1443 612 1502 tantundem
627 1444 812 1503 vinaceorum
824 1443 954 1504 adicitur.
971 1439 1116 1520 erpria
1131 1441 1184 1501 lico

175 1537 205 1588 et
226 1536 338 1588 acetum
354 1527 385 1586 lit
405 1527 591 1605 praecellens
610 1535 697 1605 atque
716 1526 913 1587 Alexandrino
930 1543 1047 1604 quoque
1070 1526 1211 1592 melinas

134 1623 185 1676 103
195 1611 299 1670 Vinum
313 1611 344 1670 lit
357 1620 388 1671 et
404 1629 420 1670 e
436 1610 539 1690 siliqua
555 1611 691 1686 Syriaca,
708 1629 725 1670 e
741 1613 813 1690 piris
835 1611 1034 1689 malorumque
1050 1611 1190 1671 omnihus=

175 1693 349 1772 generibus,
369 1695 422 1754 sed
439 1713 456 1754 e
471 1695 585 1756 Punicis
600 1694 715 1755 rhoiten
729 1703 852 1771 vocant,
870 1704 900 1755 et
912 1713 929 1755 e
942 1695 1058 1769 cornis,
1075 1695 1185 1774 mespi-

175 1778 227 1852 lis,
254 1775 367 1852 sorbis,
391 1780 481 1838 moris
502 1780 607 1856 sienis,
629 1779 741 1840 nucleis
765 1781 869 1859 pineis.
913 1779 940 1839 hi
960 1787 1056 1839 musto
1078 1777 1187 1840 madidi

134 1871 185 1925 104
198 1863 409 1938 exprimuntur,
432 1862 583 1939 superiora
604 1881 658 1942 per
673 1881 706 1924 se
720 1865 807 1924 mitia.
834 1861 969 1939 llyrtlten
987 1860 1063 1923 Gate
1086 1881 1186 1942 quern·

134 1943 167 2020 lh,
179 1943 330 2004 admodum
360 1944 422 2004 lieri
451 1945 584 2005 docuerit
619 1966 687 2008 mox
713 1947 802 2026 paulo
828 1946 1040 2022 indicabimus,
1079 1943 1212 2009 Graecis

177 2038 206 2088 et
220 2028 277 2089 alio
292 2025 389 2088 modo.
416 2030 502 2088 ramis
516 2033 625 2092 teneris
646 2050 710 2092 cnm
727 2036 785 2092 suis
802 2033 880 2093 loliis
894 2033 923 2092 in
940 2031 1007 2091 alho
1021 2041 1122 2092 musto
1139 2031 1186 2091 de·

177 2114 285 2189 coctis,
303 2114 410 2189 tunsis,
434 2113 535 2174 libram
551 2115 579 2176 ln
597 2115 688 2176 trihus
707 2117 792 2177 musti
807 2118 920 2194 congiis
935 2116 1186 2189 defervefacinnt,

177 2197 271 2258 donec
292 2197 349 2258 duo
370 2199 525 2276 supersint.
559 2201 637 2277 quod
658 2202 697 2261 ita
719 2199 863 2262 siluestris
878 2202 962 2276 myrti
977 2199 1064 2260 hacis
1077 2200 1187 2260 iactum

135 2291 245 2345 ltoest
265 2282 455 2364 myrtidanum
475 2292 607 2344 vocator.
643 2285 702 2346 hoa
720 2303 820 2346 manus
842 2287 953 2362 tinguit.
986 2284 1039 2364 [4.]
1071 2283 1121 2344 Ex
1143 2285 1186 2344 his

177 2385 251 2445 quae
266 2367 295 2426 in
310 2365 401 2426 hortis
416 2367 571 2444 gignuntur
586 2369 618 2428 lit
639 2371 734 2428 vinum
752 2387 768 2428 e
786 2369 885 2430 radice
901 2371 1053 2447 asparagi,
1078 2368 1214 2444 cunilam

177 2451 316 2526 origano,
340 2451 388 2529 api
409 2452 535 2526 semine,
559 2451 739 2529 habrotono,
762 2463 937 2529 mentastro,
960 2461 1040 2528 ruta,
1063 2461 1186 2532 nepeta,

177 2533 324 2610 serpyllo,
341 2534 496 2597 marrubio.
526 2537 687 2615 manipnlos
698 2537 783 2598 binos
799 2537 925 2598 condunt
939 2537 968 2596 in
980 2535 1084 2598 cadum
1101 2537 1188 2597 musti

89 2650 91 2655 ·
136 2623 186 2678 106
198 2625 226 2674 et
255 2633 343 2694 sapae
371 2619 526 2680 sextarium
547 2628 577 2678 et
602 2639 695 2699 aquae
721 2623 848 2682 marinae
872 2622 1024 2683 heminam.
1058 2639 1076 2680 e
1102 2622 1188 2702 napis

176 2699 208 2760 lit
223 2698 307 2759 doum
322 2700 504 2762 denariorum
517 2702 648 2781 pondere
664 2705 693 2764 in
709 2709 853 2766 sextarios
870 2706 953 2766 binos
969 2707 1054 2770 musti
1074 2705 1186 2780 addito,

177 2787 245 2844 item
267 2801 285 2842 s
306 2784 408 2845 scillas
429 2787 538 2848 radice.
567 2789 751 2850 interiores
774 2808 811 2850 en
834 2808 920 2850 rosae
942 2789 1020 2850 loliis
1045 2791 1143 2850 tunsis
1160 2793 1216 2850 intr

177 2867 300 2929 linteolo
315 2869 343 2928 in
364 2878 487 2931 mustum
508 2872 630 2932 conlatis
648 2891 711 2934 oum
726 2874 926 2952 pondusculo,
948 2883 978 2934 nt
992 2871 1084 2950 sidat,
1109 2873 1151 2933 X.
1167 2887 1188 2936 1·

178 2951 310 3032 pondere
326 2953 354 3014 in
368 2957 514 3015 sextarios
529 2958 613 3016 musti
628 2959 748 3018 vicenos
764 2977 819 3018 nec
833 2968 900 3019 ante
912 2958 963 3018 tris
979 2973 1098 3018 menses
1114 2975 1189 3019 vase

99 3057 102 3062 ·
131 3045 186 3101 not
199 3030 312 3116 apertoss
341 3039 410 3098 item
425 3055 442 3096 e
458 3040 547 3100 nardo
564 3039 678 3101 Gallico
695 3052 724 3102 et
739 3042 816 3104 alind
835 3060 851 3102 e
868 3043 1005 3105 silvestri.
1035 3042 1091 3121 [5.]
1109 3043 1188 3103 Aro-

178 3123 295 3181 matiten
319 3139 436 3202 quoqroe
458 3123 574 3184 invenio
594 3125 752 3188 factitatum
775 3135 881 3188 tantum
900 3143 958 3186 non
972 3133 1189 3203 unguentorum

144 3207 402 3284 asconpositione,
426 3207 518 3283 primo
543 3227 581 3269 ex
598 3227 714 3286 murra,
737 3221 767 3270 nt
790 3211 929 3286 diximus,
949 3226 1018 3270 mox
1039 3218 1069 3270 et
1094 3211 1217 3272 nardo·

181 3287 311 3365 Celtico,
328 3291 457 3368 calamo,
473 3290 641 3370 aspalatho,
661 3294 726 3355 eihs
741 3296 770 3354 in
784 3304 907 3356 mustum
921 3303 969 3355 aut
983 3292 1071 3356 dulce
1089 3297 1189 3356 vinum

181 3371 311 3433 deiectis.
350 3373 418 3434 alibi
443 3373 481 3436 de
506 3376 632 3454 calamo,
664 3380 766 3456 iunco,
800 3390 900 3456 costo,
928 3378 1019 3440 nardo
1046 3378 1187 3454 Syriaco,

111 3523 115 3534 f
165 3467 309 3531 amomo,
333 3460 426 3535 casia,
449 3460 595 3538 cinnamo,
618 3479 724 3542 croco,
744 3463 854 3543 palma,
878 3480 980 3541 asaro,
1003 3461 1141 3526 similiter
1160 3465 1188 3524 in
