<?xml version="1.0" encoding="UTF-8"?>
<!DOCTYPE html PUBLIC "-//W3C//DTD XHTML 1.0 Transitional//EN"
    "http://www.w3.org/TR/xhtml1/DTD/xhtml1-transitional.dtd">
<html xmlns="http://www.w3.org/1999/xhtml" xml:lang="en" lang="en">
 <head>
  <title>
</title>
<meta http-equiv="Content-Type" content="text/html;charset=utf-8" />
  <meta name='ocr-system' content='tesseract 3.04.00' />
  <meta name='ocr-capabilities' content='ocr_page ocr_carea ocr_par ocr_line ocrx_word'/>
</head>
<body>
  <div class='ocr_page' id='page_1' title='image "./cplinisecundina12plingoog_0251.png"; bbox 0 0 2482 3910; ppageno 0'>
   <div class='ocr_carea' id='block_1_1' title="bbox 179 191 824 254">
    <p class='ocr_par' dir='ltr' id='par_1_1' title="bbox 179 191 824 254">
     <span class='ocr_line' id='line_1_1' title="bbox 179 191 824 254; baseline -0.009 0"><span class='ocrx_word' id='word_1_1' title='bbox 179 191 241 254; x_wconf 79' lang='lat'>212</span> <span class='ocrx_word' id='word_1_2' title='bbox 516 202 545 252; x_wconf 90' lang='lat' dir='ltr'>o.</span> <span class='ocrx_word' id='word_1_3' title='bbox 562 203 657 250; x_wconf 74' lang='lat' dir='ltr'>annu</span> <span class='ocrx_word' id='word_1_4' title='bbox 673 201 824 252; x_wconf 81' lang='lat' dir='ltr'>sscusor</span> 
     </span>
    </p>
   </div>
   <div class='ocr_carea' id='block_1_2' title="bbox 78 357 1234 3546">
    <p class='ocr_par' dir='ltr' id='par_1_2' title="bbox 132 357 1234 2538">
     <span class='ocr_line' id='line_1_2' title="bbox 178 357 1185 438; baseline -0.002 -18"><span class='ocrx_word' id='word_1_5' title='bbox 178 377 250 420; x_wconf 84' lang='lat' dir='ltr'>nere</span> <span class='ocrx_word' id='word_1_6' title='bbox 270 359 457 438; x_wconf 85' lang='lat' dir='ltr'>asperrimum</span> <span class='ocrx_word' id='word_1_7' title='bbox 472 367 518 419; x_wconf 86' lang='lat' dir='ltr'>est</span> <span class='ocrx_word' id='word_1_8' title='bbox 532 358 767 438; x_wconf 77' lang='lat' dir='ltr'><strong>levissimumque</strong></span> <span class='ocrx_word' id='word_1_9' title='bbox 785 366 815 417; x_wconf 90' lang='lat' dir='ltr'>et</span> <span class='ocrx_word' id='word_1_10' title='bbox 830 357 977 435; x_wconf 89' lang='lat' dir='ltr'>pallidum.</span> <span class='ocrx_word' id='word_1_11' title='bbox 1012 358 1127 434; x_wconf 71' lang='lat' dir='ltr'>gratius</span> <span class='ocrx_word' id='word_1_12' title='bbox 1143 358 1185 418; x_wconf 90' lang='lat' dir='ltr'>ni·</span> 
     </span>
     <span class='ocr_line' id='line_1_3' title="bbox 136 439 1185 522; baseline -0.006 -14"><span class='ocrx_word' id='word_1_13' title='bbox 136 443 524 522; x_wconf 55' lang='lat' dir='ltr'>salsamentorumque</span> <span class='ocrx_word' id='word_1_14' title='bbox 540 443 700 506; x_wconf 84' lang='lat' dir='ltr'>candidum.</span> <span class='ocrx_word' id='word_1_15' title='bbox 727 439 793 502; x_wconf 87' lang='lat' dir='ltr'>Non</span> <span class='ocrx_word' id='word_1_16' title='bbox 804 450 850 503; x_wconf 89' lang='lat' dir='ltr'>est</span> <span class='ocrx_word' id='word_1_17' title='bbox 864 441 947 502; x_wconf 89' lang='lat' dir='ltr'>huius</span> <span class='ocrx_word' id='word_1_18' title='bbox 957 439 1073 502; x_wconf 90' lang='lat' dir='ltr'>arboris</span> <span class='ocrx_word' id='word_1_19' title='bbox 1089 443 1185 520; x_wconf 81' lang='lat' dir='ltr'>radix,</span> 
     </span>
     <span class='ocr_line' id='line_1_4' title="bbox 178 525 1185 607; baseline -0.002 -19"><span class='ocrx_word' id='word_1_20' title='bbox 178 536 210 589; x_wconf 88' lang='lat' dir='ltr'>ut</span> <span class='ocrx_word' id='word_1_21' title='bbox 225 528 312 607; x_wconf 82' lang='lat' dir='ltr'>aliqui</span> <span class='ocrx_word' id='word_1_22' title='bbox 327 529 546 602; x_wconf 70' lang='lat' dir='ltr'><strong>existimavere,</strong></span> <span class='ocrx_word' id='word_1_23' title='bbox 563 527 642 605; x_wconf 85' lang='lat' dir='ltr'>quod</span> <span class='ocrx_word' id='word_1_24' title='bbox 657 535 763 587; x_wconf 87' lang='lat' dir='ltr'>vocant</span> <span class='ocrx_word' id='word_1_25' title='bbox 778 525 945 604; x_wconf 75' lang='lat' dir='ltr'>zimpiberi,</span> <span class='ocrx_word' id='word_1_26' title='bbox 967 525 1016 585; x_wconf 91' lang='lat' dir='ltr'>alii</span> <span class='ocrx_word' id='word_1_27' title='bbox 1033 543 1111 586; x_wconf 82' lang='lat' dir='ltr'>sero</span> <span class='ocrx_word' id='word_1_28' title='bbox 1127 528 1185 586; x_wconf 88' lang='lat' dir='ltr'>zin-</span> 
     </span>
     <span class='ocr_line' id='line_1_5' title="bbox 177 607 1185 691; baseline -0.002 -19"><span class='ocrx_word' id='word_1_29' title='bbox 177 611 287 689; x_wconf 76' lang='lat' dir='ltr'>giberi,</span> <span class='ocrx_word' id='word_1_30' title='bbox 309 629 479 691; x_wconf 84' lang='lat' dir='ltr'>quamquam</span> <span class='ocrx_word' id='word_1_31' title='bbox 502 627 609 689; x_wconf 88' lang='lat' dir='ltr'>sapora</span> <span class='ocrx_word' id='word_1_32' title='bbox 632 611 735 672; x_wconf 84' lang='lat' dir='ltr'>simile.</span> <span class='ocrx_word' id='word_1_33' title='bbox 769 609 798 670; x_wconf 94' lang='lat' dir='ltr'>id</span> <span class='ocrx_word' id='word_1_34' title='bbox 820 611 896 672; x_wconf 82' lang='lat' dir='ltr'>enim</span> <span class='ocrx_word' id='word_1_35' title='bbox 915 610 943 670; x_wconf 90' lang='lat' dir='ltr'>iu</span> <span class='ocrx_word' id='word_1_36' title='bbox 961 607 1072 670; x_wconf 77' lang='lat' dir='ltr'>Arabia</span> <span class='ocrx_word' id='word_1_37' title='bbox 1097 619 1185 689; x_wconf 85' lang='lat' dir='ltr'>atque</span> 
     </span>
     <span class='ocr_line' id='line_1_6' title="bbox 178 692 1208 774; baseline -0.005 -19"><span class='ocrx_word' id='word_1_38' title='bbox 178 695 374 774; x_wconf 71' lang='lat' dir='ltr'>Trogodytica</span> <span class='ocrx_word' id='word_1_39' title='bbox 395 696 424 756; x_wconf 90' lang='lat' dir='ltr'>iu</span> <span class='ocrx_word' id='word_1_40' title='bbox 444 694 521 755; x_wconf 88' lang='lat' dir='ltr'>villis</span> <span class='ocrx_word' id='word_1_41' title='bbox 543 696 669 758; x_wconf 90' lang='lat' dir='ltr'>nascitur</span> <span class='ocrx_word' id='word_1_42' title='bbox 688 711 778 774; x_wconf 87' lang='lat' dir='ltr'>parva</span> <span class='ocrx_word' id='word_1_43' title='bbox 798 692 906 768; x_wconf 86' lang='lat' dir='ltr'>b&#39;erba,</span> <span class='ocrx_word' id='word_1_44' title='bbox 929 692 1027 754; x_wconf 80' lang='lat' dir='ltr'>radice</span> <span class='ocrx_word' id='word_1_45' title='bbox 1049 694 1208 756; x_wconf 77' lang='lat' dir='ltr'>candidas</span> 
     </span>
     <span class='ocr_line' id='line_1_7' title="bbox 176 777 1183 858; baseline -0.002 -18"><span class='ocrx_word' id='word_1_46' title='bbox 176 780 315 842; x_wconf 71' lang='lat' dir='ltr'>celeriter</span> <span class='ocrx_word' id='word_1_47' title='bbox 342 796 377 840; x_wconf 88' lang='lat' dir='ltr'>ea</span> <span class='ocrx_word' id='word_1_48' title='bbox 403 780 510 838; x_wconf 90' lang='lat' dir='ltr'>cariem</span> <span class='ocrx_word' id='word_1_49' title='bbox 536 780 638 856; x_wconf 89' lang='lat' dir='ltr'>sentit,</span> <span class='ocrx_word' id='word_1_50' title='bbox 664 779 793 858; x_wconf 87' lang='lat' dir='ltr'>quamvis</span> <span class='ocrx_word' id='word_1_51' title='bbox 822 779 851 838; x_wconf 87' lang='lat' dir='ltr'>iu</span> <span class='ocrx_word' id='word_1_52' title='bbox 877 785 955 838; x_wconf 74' lang='lat' dir='ltr'>muta</span> <span class='ocrx_word' id='word_1_53' title='bbox 981 777 1183 838; x_wconf 76' lang='lat' dir='ltr'>amaritudine.</span> 
     </span>
     <span class='ocr_line' id='line_1_8' title="bbox 176 860 1183 942; baseline 0 -20"><span class='ocrx_word' id='word_1_54' title='bbox 176 865 299 942; x_wconf 89' lang='lat' dir='ltr'>pretium</span> <span class='ocrx_word' id='word_1_55' title='bbox 321 863 383 922; x_wconf 91' lang='lat' dir='ltr'>eius</span> <span class='ocrx_word' id='word_1_56' title='bbox 398 864 427 920; x_wconf 93' lang='lat' dir='ltr'>in</span> <span class='ocrx_word' id='word_1_57' title='bbox 443 861 531 926; x_wconf 88' lang='lat' dir='ltr'>libras</span> <span class='ocrx_word' id='word_1_58' title='bbox 546 861 573 922; x_wconf 88' lang='lat' dir='ltr'>X</span> <span class='ocrx_word' id='word_1_59' title='bbox 593 875 638 924; x_wconf 82' lang='lat' dir='ltr'>V1.</span> <span class='ocrx_word' id='word_1_60' title='bbox 675 864 761 942; x_wconf 91' lang='lat' dir='ltr'>piper</span> <span class='ocrx_word' id='word_1_61' title='bbox 781 860 901 939; x_wconf 72' lang='lat' dir='ltr'>longum</span> <span class='ocrx_word' id='word_1_62' title='bbox 918 861 1055 922; x_wconf 73' lang='lat' dir='ltr'>facillime</span> <span class='ocrx_word' id='word_1_63' title='bbox 1070 862 1183 922; x_wconf 89' lang='lat' dir='ltr'>adulte·</span> 
     </span>
     <span class='ocr_line' id='line_1_9' title="bbox 175 943 1185 1024; baseline 0 -18"><span class='ocrx_word' id='word_1_64' title='bbox 175 956 254 1008; x_wconf 90' lang='lat' dir='ltr'>ratur</span> <span class='ocrx_word' id='word_1_65' title='bbox 270 945 470 1006; x_wconf 80' lang='lat' dir='ltr'>Alexandrino</span> <span class='ocrx_word' id='word_1_66' title='bbox 493 947 594 1024; x_wconf 88' lang='lat' dir='ltr'>sinapi.</span> <span class='ocrx_word' id='word_1_67' title='bbox 632 947 734 1008; x_wconf 85' lang='lat' dir='ltr'>emitur</span> <span class='ocrx_word' id='word_1_68' title='bbox 754 945 782 1004; x_wconf 90' lang='lat' dir='ltr'>in</span> <span class='ocrx_word' id='word_1_69' title='bbox 804 945 893 1007; x_wconf 87' lang='lat' dir='ltr'>libras</span> <span class='ocrx_word' id='word_1_70' title='bbox 910 943 937 1006; x_wconf 89' lang='lat' dir='ltr'>X</span> <span class='ocrx_word' id='word_1_71' title='bbox 953 959 1016 1020; x_wconf 84' lang='lat' dir='ltr'>xv,</span> <span class='ocrx_word' id='word_1_72' title='bbox 1039 943 1142 1006; x_wconf 90' lang='lat' dir='ltr'>album</span> <span class='ocrx_word' id='word_1_73' title='bbox 1158 945 1185 1006; x_wconf 83' lang='lat' dir='ltr'>x</span> 
     </span>
     <span class='ocr_line' id='line_1_10' title="bbox 133 1027 1184 1108; baseline 0 -18"><span class='ocrx_word' id='word_1_74' title='bbox 133 1042 169 1097; x_wconf 70' lang='lat' dir='ltr'>ab</span> <span class='ocrx_word' id='word_1_75' title='bbox 179 1044 246 1105; x_wconf 84' lang='lat' dir='ltr'>vn,</span> <span class='ocrx_word' id='word_1_76' title='bbox 263 1032 375 1108; x_wconf 82' lang='lat' dir='ltr'>nigrum</span> <span class='ocrx_word' id='word_1_77' title='bbox 389 1027 417 1089; x_wconf 87' lang='lat' dir='ltr'>X</span> <span class='ocrx_word' id='word_1_78' title='bbox 431 1043 476 1089; x_wconf 82' lang='lat' dir='ltr'>tv.</span> <span class='ocrx_word' id='word_1_79' title='bbox 508 1029 595 1091; x_wconf 92' lang='lat' dir='ltr'>Usum</span> <span class='ocrx_word' id='word_1_80' title='bbox 612 1033 675 1091; x_wconf 90' lang='lat' dir='ltr'>eius</span> <span class='ocrx_word' id='word_1_81' title='bbox 691 1029 765 1090; x_wconf 87' lang='lat' dir='ltr'>adeo</span> <span class='ocrx_word' id='word_1_82' title='bbox 782 1029 929 1108; x_wconf 71' lang='lat' dir='ltr'>placuisse</span> <span class='ocrx_word' id='word_1_83' title='bbox 943 1030 1045 1090; x_wconf 87' lang='lat' dir='ltr'>mirum</span> <span class='ocrx_word' id='word_1_84' title='bbox 1061 1039 1127 1106; x_wconf 86' lang='lat' dir='ltr'>est,</span> <span class='ocrx_word' id='word_1_85' title='bbox 1144 1065 1184 1074; x_wconf 80' lang='lat'>-</span> 
     </span>
     <span class='ocr_line' id='line_1_11' title="bbox 176 1113 1210 1193; baseline -0.002 -21"><span class='ocrx_word' id='word_1_86' title='bbox 176 1114 205 1172; x_wconf 90' lang='lat' dir='ltr'>in</span> <span class='ocrx_word' id='word_1_87' title='bbox 220 1113 283 1173; x_wconf 89' lang='lat' dir='ltr'>allis</span> <span class='ocrx_word' id='word_1_88' title='bbox 300 1115 409 1192; x_wconf 86' lang='lat' dir='ltr'>quippe</span> <span class='ocrx_word' id='word_1_89' title='bbox 423 1114 550 1174; x_wconf 83' lang='lat' dir='ltr'>suavitas</span> <span class='ocrx_word' id='word_1_90' title='bbox 568 1116 664 1193; x_wconf 81' lang='lat' dir='ltr'>cepit,</span> <span class='ocrx_word' id='word_1_91' title='bbox 680 1114 709 1173; x_wconf 92' lang='lat' dir='ltr'>in</span> <span class='ocrx_word' id='word_1_92' title='bbox 728 1113 792 1174; x_wconf 90' lang='lat' dir='ltr'>aliis</span> <span class='ocrx_word' id='word_1_93' title='bbox 807 1113 925 1192; x_wconf 91' lang='lat' dir='ltr'>species</span> <span class='ocrx_word' id='word_1_94' title='bbox 940 1114 1077 1174; x_wconf 84' lang='lat' dir='ltr'>invitarit.</span> <span class='ocrx_word' id='word_1_95' title='bbox 1118 1113 1210 1174; x_wconf 88' lang='lat' dir='ltr'>huicu</span> 
     </span>
     <span class='ocr_line' id='line_1_12' title="bbox 176 1197 1183 1277; baseline -0.001 -20"><span class='ocrx_word' id='word_1_96' title='bbox 176 1215 231 1258; x_wconf 90' lang='lat' dir='ltr'>nec</span> <span class='ocrx_word' id='word_1_97' title='bbox 246 1199 324 1276; x_wconf 83' lang='lat' dir='ltr'>pomi</span> <span class='ocrx_word' id='word_1_98' title='bbox 341 1215 396 1258; x_wconf 87' lang='lat' dir='ltr'>nec</span> <span class='ocrx_word' id='word_1_99' title='bbox 413 1197 505 1259; x_wconf 88' lang='lat' dir='ltr'>bacae</span> <span class='ocrx_word' id='word_1_100' title='bbox 521 1198 730 1260; x_wconf 82' lang='lat' dir='ltr'>commendatio</span> <span class='ocrx_word' id='word_1_101' title='bbox 746 1205 792 1257; x_wconf 89' lang='lat' dir='ltr'>est</span> <span class='ocrx_word' id='word_1_102' title='bbox 805 1198 904 1277; x_wconf 87' lang='lat' dir='ltr'>aliqua</span> <span class='ocrx_word' id='word_1_103' title='bbox 914 1231 965 1273; x_wconf 83' lang='lat'>-,</span> <span class='ocrx_word' id='word_1_104' title='bbox 980 1197 1045 1257; x_wconf 90' lang='lat' dir='ltr'>sola</span> <span class='ocrx_word' id='word_1_105' title='bbox 1061 1197 1183 1275; x_wconf 88' lang='lat' dir='ltr'>placere</span> 
     </span>
     <span class='ocr_line' id='line_1_13' title="bbox 176 1280 1183 1361; baseline -0.005 -17"><span class='ocrx_word' id='word_1_106' title='bbox 176 1282 379 1358; x_wconf 82' lang='lat' dir='ltr'>amaritudine,</span> <span class='ocrx_word' id='word_1_107' title='bbox 397 1291 426 1342; x_wconf 90' lang='lat' dir='ltr'>et</span> <span class='ocrx_word' id='word_1_108' title='bbox 441 1282 514 1343; x_wconf 90' lang='lat' dir='ltr'>hauc</span> <span class='ocrx_word' id='word_1_109' title='bbox 531 1284 560 1344; x_wconf 88' lang='lat' dir='ltr'>in</span> <span class='ocrx_word' id='word_1_110' title='bbox 574 1281 661 1343; x_wconf 87' lang='lat' dir='ltr'>ludos</span> <span class='ocrx_word' id='word_1_111' title='bbox 676 1282 747 1361; x_wconf 90' lang='lat' dir='ltr'>peti.</span> <span class='ocrx_word' id='word_1_112' title='bbox 780 1282 846 1359; x_wconf 88' lang='lat' dir='ltr'>quis</span> <span class='ocrx_word' id='word_1_113' title='bbox 861 1280 912 1341; x_wconf 88' lang='lat' dir='ltr'>ille</span> <span class='ocrx_word' id='word_1_114' title='bbox 928 1280 1034 1359; x_wconf 88' lang='lat' dir='ltr'>primus</span> <span class='ocrx_word' id='word_1_115' title='bbox 1052 1281 1183 1360; x_wconf 83' lang='lat' dir='ltr'>experiri</span> 
     </span>
     <span class='ocr_line' id='line_1_14' title="bbox 176 1365 1184 1445; baseline -0.002 -19"><span class='ocrx_word' id='word_1_116' title='bbox 176 1365 248 1426; x_wconf 83' lang='lat' dir='ltr'>cibis</span> <span class='ocrx_word' id='word_1_117' title='bbox 272 1367 364 1428; x_wconf 86' lang='lat' dir='ltr'>voluit</span> <span class='ocrx_word' id='word_1_118' title='bbox 390 1375 437 1427; x_wconf 89' lang='lat' dir='ltr'>aut</span> <span class='ocrx_word' id='word_1_119' title='bbox 454 1368 501 1426; x_wconf 91' lang='lat' dir='ltr'>cui</span> <span class='ocrx_word' id='word_1_120' title='bbox 525 1368 552 1426; x_wconf 93' lang='lat' dir='ltr'>in</span> <span class='ocrx_word' id='word_1_121' title='bbox 574 1366 738 1445; x_wconf 85' lang='lat' dir='ltr'>adpetenda</span> <span class='ocrx_word' id='word_1_122' title='bbox 759 1365 895 1426; x_wconf 88' lang='lat' dir='ltr'>aviditate</span> <span class='ocrx_word' id='word_1_123' title='bbox 917 1365 1028 1425; x_wconf 90' lang='lat' dir='ltr'>esurire</span> <span class='ocrx_word' id='word_1_124' title='bbox 1049 1382 1110 1424; x_wconf 91' lang='lat' dir='ltr'>non</span> <span class='ocrx_word' id='word_1_125' title='bbox 1132 1365 1184 1425; x_wconf 86' lang='lat' dir='ltr'>init</span> 
     </span>
     <span class='ocr_line' id='line_1_15' title="bbox 175 1448 1183 1530; baseline -0.003 -19"><span class='ocrx_word' id='word_1_126' title='bbox 175 1449 266 1511; x_wconf 78' lang='lat' dir='ltr'>satis?</span> <span class='ocrx_word' id='word_1_127' title='bbox 299 1448 457 1530; x_wconf 81' lang='lat' dir='ltr'>Utrumque</span> <span class='ocrx_word' id='word_1_128' title='bbox 469 1451 605 1511; x_wconf 88' lang='lat' dir='ltr'>silvestre</span> <span class='ocrx_word' id='word_1_129' title='bbox 618 1449 753 1528; x_wconf 81' lang='lat' dir='ltr'>gentibus</span> <span class='ocrx_word' id='word_1_130' title='bbox 769 1451 828 1510; x_wconf 89' lang='lat' dir='ltr'>suis</span> <span class='ocrx_word' id='word_1_131' title='bbox 840 1458 885 1508; x_wconf 88' lang='lat' dir='ltr'>est</span> <span class='ocrx_word' id='word_1_132' title='bbox 899 1457 1034 1510; x_wconf 86' lang='lat' dir='ltr'>ettamen</span> <span class='ocrx_word' id='word_1_133' title='bbox 1049 1449 1183 1528; x_wconf 88' lang='lat' dir='ltr'>pondere</span> 
     </span>
     <span class='ocr_line' id='line_1_16' title="bbox 176 1532 1210 1613; baseline 0.001 -19"><span class='ocrx_word' id='word_1_134' title='bbox 176 1535 279 1594; x_wconf 89' lang='lat' dir='ltr'>emitur</span> <span class='ocrx_word' id='word_1_135' title='bbox 294 1544 325 1594; x_wconf 90' lang='lat' dir='ltr'>nt</span> <span class='ocrx_word' id='word_1_136' title='bbox 340 1552 436 1595; x_wconf 87' lang='lat' dir='ltr'>aurum</span> <span class='ocrx_word' id='word_1_137' title='bbox 451 1535 500 1596; x_wconf 88' lang='lat' dir='ltr'>vel</span> <span class='ocrx_word' id='word_1_138' title='bbox 514 1543 674 1612; x_wconf 77' lang='lat' dir='ltr'>argentum.</span> <span class='ocrx_word' id='word_1_139' title='bbox 706 1535 817 1613; x_wconf 84' lang='lat' dir='ltr'>piperis</span> <span class='ocrx_word' id='word_1_140' title='bbox 833 1532 968 1594; x_wconf 89' lang='lat' dir='ltr'>arborem</span> <span class='ocrx_word' id='word_1_141' title='bbox 985 1533 1040 1594; x_wconf 86' lang='lat' dir='ltr'>iam</span> <span class='ocrx_word' id='word_1_142' title='bbox 1057 1542 1087 1593; x_wconf 92' lang='lat' dir='ltr'>et</span> <span class='ocrx_word' id='word_1_143' title='bbox 1101 1533 1181 1594; x_wconf 88' lang='lat' dir='ltr'>ltalia</span> <span class='ocrx_word' id='word_1_144' title='bbox 1191 1553 1210 1596; x_wconf 86' lang='lat' dir='ltr'>rs</span> 
     </span>
     <span class='ocr_line' id='line_1_17' title="bbox 175 1615 1182 1693; baseline 0 -17"><span class='ocrx_word' id='word_1_145' title='bbox 175 1615 263 1677; x_wconf 88' lang='lat' dir='ltr'>habet</span> <span class='ocrx_word' id='word_1_146' title='bbox 279 1619 417 1678; x_wconf 87' lang='lat' dir='ltr'>maiorem</span> <span class='ocrx_word' id='word_1_147' title='bbox 429 1627 521 1693; x_wconf 71' lang='lat' dir='ltr'>myrto</span> <span class='ocrx_word' id='word_1_148' title='bbox 536 1636 591 1678; x_wconf 92' lang='lat' dir='ltr'>nec</span> <span class='ocrx_word' id='word_1_149' title='bbox 602 1618 772 1678; x_wconf 89' lang='lat' dir='ltr'>absimilem.</span> <span class='ocrx_word' id='word_1_150' title='bbox 803 1617 960 1678; x_wconf 88' lang='lat' dir='ltr'>amaritudo</span> <span class='ocrx_word' id='word_1_151' title='bbox 972 1634 1064 1693; x_wconf 77' lang='lat' dir='ltr'>grano</span> <span class='ocrx_word' id='word_1_152' title='bbox 1077 1619 1182 1678; x_wconf 88' lang='lat' dir='ltr'>eadem</span> 
     </span>
     <span class='ocr_line' id='line_1_18' title="bbox 174 1700 1234 1778; baseline 0 -19"><span class='ocrx_word' id='word_1_153' title='bbox 174 1716 249 1776; x_wconf 87' lang='lat' dir='ltr'>quae</span> <span class='ocrx_word' id='word_1_154' title='bbox 270 1703 365 1778; x_wconf 90' lang='lat' dir='ltr'>piperi</span> <span class='ocrx_word' id='word_1_155' title='bbox 386 1710 499 1762; x_wconf 89' lang='lat' dir='ltr'>musteo</span> <span class='ocrx_word' id='word_1_156' title='bbox 517 1702 652 1765; x_wconf 88' lang='lat' dir='ltr'>credatur</span> <span class='ocrx_word' id='word_1_157' title='bbox 668 1721 745 1762; x_wconf 83' lang='lat' dir='ltr'>esse.</span> <span class='ocrx_word' id='word_1_158' title='bbox 775 1701 860 1762; x_wconf 88' lang='lat' dir='ltr'>deest</span> <span class='ocrx_word' id='word_1_159' title='bbox 876 1709 952 1762; x_wconf 90' lang='lat' dir='ltr'>tosta</span> <span class='ocrx_word' id='word_1_160' title='bbox 967 1700 1016 1762; x_wconf 91' lang='lat' dir='ltr'>illa</span> <span class='ocrx_word' id='word_1_161' title='bbox 1031 1703 1181 1760; x_wconf 83' lang='lat' dir='ltr'>maturitas</span> <span class='ocrx_word' id='word_1_162' title='bbox 1233 1731 1234 1734; x_wconf 16' lang='grc' dir='ltr'><strong>κ</strong></span> 
     </span>
     <span class='ocr_line' id='line_1_19' title="bbox 174 1782 1234 1864; baseline 0.006 -24"><span class='ocrx_word' id='word_1_163' title='bbox 174 1782 301 1862; x_wconf 87' lang='lat' dir='ltr'>ideoque</span> <span class='ocrx_word' id='word_1_164' title='bbox 313 1793 342 1844; x_wconf 88' lang='lat' dir='ltr'>et</span> <span class='ocrx_word' id='word_1_165' title='bbox 357 1803 491 1861; x_wconf 76' lang='lat' dir='ltr'>rugarum</span> <span class='ocrx_word' id='word_1_166' title='bbox 502 1785 667 1864; x_wconf 86' lang='lat' dir='ltr'>colorisque</span> <span class='ocrx_word' id='word_1_167' title='bbox 681 1785 846 1847; x_wconf 87' lang='lat' dir='ltr'>similitudo.</span> <span class='ocrx_word' id='word_1_168' title='bbox 871 1785 1049 1845; x_wconf 83' lang='lat' dir='ltr'>adulteratur</span> <span class='ocrx_word' id='word_1_169' title='bbox 1064 1785 1180 1864; x_wconf 88' lang='lat' dir='ltr'>iunipiri</span> <span class='ocrx_word' id='word_1_170' title='bbox 1233 1839 1234 1846; x_wconf 72' lang='grc'>,</span> 
     </span>
     <span class='ocr_line' id='line_1_20' title="bbox 174 1865 1178 1949; baseline 0.001 -25"><span class='ocrx_word' id='word_1_171' title='bbox 174 1865 255 1926; x_wconf 87' lang='lat' dir='ltr'>bacis</span> <span class='ocrx_word' id='word_1_172' title='bbox 274 1867 345 1927; x_wconf 90' lang='lat' dir='ltr'>mire</span> <span class='ocrx_word' id='word_1_173' title='bbox 363 1869 420 1926; x_wconf 84' lang='lat' dir='ltr'>vim</span> <span class='ocrx_word' id='word_1_174' title='bbox 435 1868 630 1944; x_wconf 87' lang='lat' dir='ltr'>trahentibus,</span> <span class='ocrx_word' id='word_1_175' title='bbox 653 1871 681 1928; x_wconf 91' lang='lat' dir='ltr'>in</span> <span class='ocrx_word' id='word_1_176' title='bbox 694 1868 824 1949; x_wconf 88' lang='lat' dir='ltr'>pondere</span> <span class='ocrx_word' id='word_1_177' title='bbox 838 1868 953 1947; x_wconf 90' lang='lat' dir='ltr'>quidem</span> <span class='ocrx_word' id='word_1_178' title='bbox 969 1867 1064 1930; x_wconf 90' lang='lat' dir='ltr'>multis</span> <span class='ocrx_word' id='word_1_179' title='bbox 1076 1869 1178 1930; x_wconf 88' lang='lat' dir='ltr'>modis.</span> 
     </span>
     <span class='ocr_line' id='line_1_21' title="bbox 132 1949 1208 2033; baseline -0.002 -17"><span class='ocrx_word' id='word_1_180' title='bbox 132 1959 169 2016; x_wconf 75' lang='lat'>3⁰</span> <span class='ocrx_word' id='word_1_181' title='bbox 241 1951 325 2031; x_wconf 88' lang='lat'>(15.)</span> <span class='ocrx_word' id='word_1_182' title='bbox 348 1949 401 2012; x_wconf 81' lang='lat' dir='ltr'>Est</span> <span class='ocrx_word' id='word_1_183' title='bbox 426 1953 576 2012; x_wconf 89' lang='lat' dir='ltr'>etiamnum</span> <span class='ocrx_word' id='word_1_184' title='bbox 597 1954 625 2012; x_wconf 93' lang='lat' dir='ltr'>in</span> <span class='ocrx_word' id='word_1_185' title='bbox 645 1953 725 2016; x_wconf 88' lang='lat' dir='ltr'>lndin</span> <span class='ocrx_word' id='word_1_186' title='bbox 748 1954 962 2033; x_wconf 80' lang='lat' dir='ltr'>piperisgrnni</span> <span class='ocrx_word' id='word_1_187' title='bbox 982 1952 1075 2012; x_wconf 91' lang='lat' dir='ltr'>simile</span> <span class='ocrx_word' id='word_1_188' title='bbox 1103 1951 1208 2032; x_wconf 84' lang='lat' dir='ltr'>qnodm</span> 
     </span>
     <span class='ocr_line' id='line_1_22' title="bbox 175 2035 1178 2116; baseline 0.004 -24"><span class='ocrx_word' id='word_1_189' title='bbox 175 2044 296 2096; x_wconf 88' lang='lat' dir='ltr'>vocatur</span> <span class='ocrx_word' id='word_1_190' title='bbox 313 2035 541 2114; x_wconf 71' lang='lat' dir='ltr'>carrophyllon,</span> <span class='ocrx_word' id='word_1_191' title='bbox 562 2037 699 2114; x_wconf 80' lang='lat' dir='ltr'>grandius</span> <span class='ocrx_word' id='word_1_192' title='bbox 721 2038 921 2116; x_wconf 80' lang='lat' dir='ltr'>frugibusque.</span> <span class='ocrx_word' id='word_1_193' title='bbox 959 2036 1073 2097; x_wconf 88' lang='lat' dir='ltr'>tradunt</span> <span class='ocrx_word' id='word_1_194' title='bbox 1088 2039 1121 2098; x_wconf 90' lang='lat' dir='ltr'>in</span> <span class='ocrx_word' id='word_1_195' title='bbox 1137 2035 1178 2096; x_wconf 94' lang='lat' dir='ltr'>ln·</span> 
     </span>
     <span class='ocr_line' id='line_1_23' title="bbox 175 2113 1179 2202; baseline 0.002 -24"><span class='ocrx_word' id='word_1_196' title='bbox 175 2118 239 2180; x_wconf 90' lang='lat' dir='ltr'>dica</span> <span class='ocrx_word' id='word_1_197' title='bbox 254 2121 316 2181; x_wconf 92' lang='lat' dir='ltr'>loto</span> <span class='ocrx_word' id='word_1_198' title='bbox 331 2119 361 2180; x_wconf 91' lang='lat' dir='ltr'>id</span> <span class='ocrx_word' id='word_1_199' title='bbox 375 2121 465 2200; x_wconf 77' lang='lat' dir='ltr'>gigni.</span> <span class='ocrx_word' id='word_1_200' title='bbox 496 2119 648 2182; x_wconf 77' lang='lat' dir='ltr'>advehitur</span> <span class='ocrx_word' id='word_1_201' title='bbox 662 2123 761 2182; x_wconf 90' lang='lat' dir='ltr'>odoris</span> <span class='ocrx_word' id='word_1_202' title='bbox 784 2123 887 2200; x_wconf 82' lang='lat' dir='ltr'>gratia.</span> <span class='ocrx_word' id='word_1_203' title='bbox 922 2119 993 2181; x_wconf 84' lang='lat' dir='ltr'>Fert</span> <span class='ocrx_word' id='word_1_204' title='bbox 1007 2130 1037 2180; x_wconf 90' lang='lat' dir='ltr'>et</span> <span class='ocrx_word' id='word_1_205' title='bbox 1053 2122 1083 2180; x_wconf 87' lang='lat' dir='ltr'>in</span> <span class='ocrx_word' id='word_1_206' title='bbox 1095 2113 1179 2202; x_wconf 78' lang='lat' dir='ltr'>s&#39;pina</span> 
     </span>
     <span class='ocr_line' id='line_1_24' title="bbox 173 2203 1178 2286; baseline 0.002 -24"><span class='ocrx_word' id='word_1_207' title='bbox 173 2203 283 2282; x_wconf 86' lang='lat' dir='ltr'>piperis</span> <span class='ocrx_word' id='word_1_208' title='bbox 296 2204 508 2266; x_wconf 85' lang='lat' dir='ltr'>similitudinem</span> <span class='ocrx_word' id='word_1_209' title='bbox 521 2207 889 2286; x_wconf 84' lang='lat' dir='ltr'>praecipua&#39;amaritudine,</span> <span class='ocrx_word' id='word_1_210' title='bbox 906 2205 985 2266; x_wconf 87' lang='lat' dir='ltr'>loliis</span> <span class='ocrx_word' id='word_1_211' title='bbox 997 2207 1095 2284; x_wconf 82' lang='lat' dir='ltr'>paruis</span> <span class='ocrx_word' id='word_1_212' title='bbox 1112 2207 1178 2266; x_wconf 91' lang='lat' dir='ltr'>den·</span> 
     </span>
     <span class='ocr_line' id='line_1_25' title="bbox 173 2288 1177 2370; baseline 0.004 -24"><span class='ocrx_word' id='word_1_213' title='bbox 173 2288 273 2368; x_wconf 79' lang='lat' dir='ltr'>sisque</span> <span class='ocrx_word' id='word_1_214' title='bbox 294 2291 376 2368; x_wconf 72' lang='lat' dir='ltr'>cupri</span> <span class='ocrx_word' id='word_1_215' title='bbox 392 2291 497 2366; x_wconf 90' lang='lat' dir='ltr'>modo,</span> <span class='ocrx_word' id='word_1_216' title='bbox 514 2291 599 2352; x_wconf 86' lang='lat' dir='ltr'>ramis</span> <span class='ocrx_word' id='word_1_217' title='bbox 621 2291 706 2352; x_wconf 91' lang='lat' dir='ltr'>trium</span> <span class='ocrx_word' id='word_1_218' title='bbox 727 2291 904 2365; x_wconf 88' lang='lat' dir='ltr'>cubitorum,</span> <span class='ocrx_word' id='word_1_219' title='bbox 928 2290 1039 2350; x_wconf 92' lang='lat' dir='ltr'>cortice</span> <span class='ocrx_word' id='word_1_220' title='bbox 1057 2289 1177 2370; x_wconf 87' lang='lat' dir='ltr'>pallido,</span> 
     </span>
     <span class='ocr_line' id='line_1_26' title="bbox 172 2371 1208 2453; baseline 0 -22"><span class='ocrx_word' id='word_1_221' title='bbox 172 2371 271 2433; x_wconf 86' lang='lat' dir='ltr'>radice</span> <span class='ocrx_word' id='word_1_222' title='bbox 286 2373 344 2434; x_wconf 90' lang='lat' dir='ltr'>lata</span> <span class='ocrx_word' id='word_1_223' title='bbox 359 2374 531 2453; x_wconf 76' lang='lat' dir='ltr'>lignosaque</span> <span class='ocrx_word' id='word_1_224' title='bbox 541 2373 630 2436; x_wconf 90' lang='lat' dir='ltr'>buxei</span> <span class='ocrx_word' id='word_1_225' title='bbox 644 2374 774 2436; x_wconf 84' lang='lat' dir='ltr'>coloris..</span> <span class='ocrx_word' id='word_1_226' title='bbox 785 2374 841 2436; x_wconf 88' lang='lat' dir='ltr'>hac</span> <span class='ocrx_word' id='word_1_227' title='bbox 856 2375 884 2434; x_wconf 91' lang='lat' dir='ltr'>in</span> <span class='ocrx_word' id='word_1_228' title='bbox 899 2391 974 2452; x_wconf 83' lang='lat' dir='ltr'>aqua</span> <span class='ocrx_word' id='word_1_229' title='bbox 989 2375 1208 2436; x_wconf 79' lang='lat' dir='ltr'>cnmsemincne</span> 
     </span>
     <span class='ocr_line' id='line_1_27' title="bbox 174 2457 1177 2538; baseline 0.002 -24"><span class='ocrx_word' id='word_1_230' title='bbox 174 2465 298 2515; x_wconf 87' lang='lat' dir='ltr'>excocta</span> <span class='ocrx_word' id='word_1_231' title='bbox 312 2457 341 2516; x_wconf 89' lang='lat' dir='ltr'>in</span> <span class='ocrx_word' id='word_1_232' title='bbox 357 2474 446 2516; x_wconf 90' lang='lat' dir='ltr'>aereo</span> <span class='ocrx_word' id='word_1_233' title='bbox 462 2475 533 2517; x_wconf 88' lang='lat' dir='ltr'>vase</span> <span class='ocrx_word' id='word_1_234' title='bbox 545 2459 782 2520; x_wconf 89' lang='lat' dir='ltr'>medicamentum</span> <span class='ocrx_word' id='word_1_235' title='bbox 798 2459 829 2520; x_wconf 82' lang='lat' dir='ltr'>dt</span> <span class='ocrx_word' id='word_1_236' title='bbox 844 2458 923 2538; x_wconf 85' lang='lat' dir='ltr'>qnod</span> <span class='ocrx_word' id='word_1_237' title='bbox 934 2467 1056 2520; x_wconf 84' lang='lat' dir='ltr'>vocatur</span> <span class='ocrx_word' id='word_1_238' title='bbox 1071 2458 1177 2534; x_wconf 77' lang='lat' dir='ltr'>lycion.</span> 
     </span>
    </p>

    <p class='ocr_par' dir='ltr' id='par_1_3' title="bbox 132 2535 1178 2706">
     <span class='ocr_line' id='line_1_28' title="bbox 132 2535 1178 2622; baseline 0.003 -23"><span class='ocrx_word' id='word_1_239' title='bbox 132 2545 166 2599; x_wconf 77' lang='grc'>31</span> <span class='ocrx_word' id='word_1_240' title='bbox 177 2535 219 2597; x_wconf 84' lang='lat' dir='ltr'>Ea</span> <span class='ocrx_word' id='word_1_241' title='bbox 237 2541 319 2616; x_wconf 88' lang='lat' dir='ltr'>spina</span> <span class='ocrx_word' id='word_1_242' title='bbox 332 2546 360 2598; x_wconf 92' lang='lat' dir='ltr'>et</span> <span class='ocrx_word' id='word_1_243' title='bbox 375 2542 404 2598; x_wconf 93' lang='lat' dir='ltr'>in</span> <span class='ocrx_word' id='word_1_244' title='bbox 419 2539 499 2599; x_wconf 90' lang='lat' dir='ltr'>Pelio</span> <span class='ocrx_word' id='word_1_245' title='bbox 514 2552 611 2602; x_wconf 89' lang='lat' dir='ltr'>monte</span> <span class='ocrx_word' id='word_1_246' title='bbox 627 2544 753 2604; x_wconf 87' lang='lat' dir='ltr'>nascitur</span> <span class='ocrx_word' id='word_1_247' title='bbox 769 2544 970 2622; x_wconf 86' lang='lat' dir='ltr'>adulteratque</span> <span class='ocrx_word' id='word_1_248' title='bbox 987 2541 1178 2604; x_wconf 88' lang='lat' dir='ltr'>medicamen·</span> 
     </span>
     <span class='ocr_line' id='line_1_29' title="bbox 173 2623 1178 2706; baseline 0.007 -28"><span class='ocrx_word' id='word_1_249' title='bbox 173 2627 242 2696; x_wconf 91' lang='lat' dir='ltr'>tum,</span> <span class='ocrx_word' id='word_1_250' title='bbox 258 2623 326 2682; x_wconf 88' lang='lat' dir='ltr'>item</span> <span class='ocrx_word' id='word_1_251' title='bbox 341 2623 493 2702; x_wconf 86' lang='lat' dir='ltr'>asphodeli</span> <span class='ocrx_word' id='word_1_252' title='bbox 508 2625 592 2686; x_wconf 85' lang='lat' dir='ltr'>radix</span> <span class='ocrx_word' id='word_1_253' title='bbox 606 2635 654 2690; x_wconf 88' lang='lat' dir='ltr'>aut</span> <span class='ocrx_word' id='word_1_254' title='bbox 669 2625 710 2686; x_wconf 84' lang='lat' dir='ltr'>iel</span> <span class='ocrx_word' id='word_1_255' title='bbox 724 2626 861 2688; x_wconf 88' lang='lat' dir='ltr'>bubulum</span> <span class='ocrx_word' id='word_1_256' title='bbox 871 2635 921 2688; x_wconf 85' lang='lat' dir='ltr'>aut</span> <span class='ocrx_word' id='word_1_257' title='bbox 934 2625 1120 2706; x_wconf 88' lang='lat' dir='ltr'>apsinthium,</span> <span class='ocrx_word' id='word_1_258' title='bbox 1134 2625 1178 2686; x_wconf 88' lang='lat' dir='ltr'>vel</span> 
     </span>
    </p>

    <p class='ocr_par' dir='ltr' id='par_1_4' title="bbox 78 2701 1177 2790">
     <span class='ocr_line' id='line_1_30' title="bbox 78 2701 1177 2790; baseline 0.01 -30"><span class='ocrx_word' id='word_1_259' title='bbox 78 2743 82 2751; x_wconf 74' lang='lat'><strong>.</strong></span> <span class='ocrx_word' id='word_1_260' title='bbox 173 2701 242 2763; x_wconf 89' lang='lat' dir='ltr'>rhus</span> <span class='ocrx_word' id='word_1_261' title='bbox 268 2703 317 2764; x_wconf 85' lang='lat' dir='ltr'>vel</span> <span class='ocrx_word' id='word_1_262' title='bbox 340 2723 464 2768; x_wconf 88' lang='lat' dir='ltr'>amurca.</span> <span class='ocrx_word' id='word_1_263' title='bbox 506 2711 682 2788; x_wconf 89' lang='lat' dir='ltr'>aptissimum</span> <span class='ocrx_word' id='word_1_264' title='bbox 713 2711 874 2774; x_wconf 87' lang='lat' dir='ltr'>medicinae</span> <span class='ocrx_word' id='word_1_265' title='bbox 896 2711 974 2790; x_wconf 88' lang='lat' dir='ltr'>qnod</span> <span class='ocrx_word' id='word_1_266' title='bbox 997 2721 1042 2772; x_wconf 91' lang='lat' dir='ltr'>est</span> <span class='ocrx_word' id='word_1_267' title='bbox 1062 2728 1177 2790; x_wconf 89' lang='lat' dir='ltr'>spumo-</span> 
     </span>
    </p>

    <p class='ocr_par' dir='ltr' id='par_1_5' title="bbox 126 2785 1208 3018">
     <span class='ocr_line' id='line_1_31' title="bbox 126 2785 1208 2858; baseline 0.006 -13"><span class='ocrx_word' id='word_1_268' title='bbox 126 2832 130 2842; x_wconf 81' lang='grc'><em>,</em></span> <span class='ocrx_word' id='word_1_269' title='bbox 174 2805 244 2848; x_wconf 92' lang='lat' dir='ltr'>snm.</span> <span class='ocrx_word' id='word_1_270' title='bbox 277 2785 337 2848; x_wconf 91' lang='lat' dir='ltr'>ludi</span> <span class='ocrx_word' id='word_1_271' title='bbox 358 2791 386 2849; x_wconf 92' lang='lat' dir='ltr'>in</span> <span class='ocrx_word' id='word_1_272' title='bbox 400 2791 511 2853; x_wconf 91' lang='lat' dir='ltr'>utribus</span> <span class='ocrx_word' id='word_1_273' title='bbox 526 2793 703 2856; x_wconf 85' lang='lat' dir='ltr'>camelorum</span> <span class='ocrx_word' id='word_1_274' title='bbox 714 2803 762 2855; x_wconf 92' lang='lat' dir='ltr'>aut</span> <span class='ocrx_word' id='word_1_275' title='bbox 778 2795 994 2858; x_wconf 86' lang='lat' dir='ltr'>rhinocerotum</span> <span class='ocrx_word' id='word_1_276' title='bbox 1011 2796 1041 2857; x_wconf 93' lang='lat' dir='ltr'>id</span> <span class='ocrx_word' id='word_1_277' title='bbox 1058 2797 1208 2856; x_wconf 80' lang='lat' dir='ltr'>mittuntm</span> 
     </span>
     <span class='ocr_line' id='line_1_32' title="bbox 173 2873 1179 2959; baseline 0.007 -28"><span class='ocrx_word' id='word_1_278' title='bbox 173 2873 283 2951; x_wconf 88' lang='lat' dir='ltr'>spinam</span> <span class='ocrx_word' id='word_1_279' title='bbox 304 2874 396 2951; x_wconf 86' lang='lat' dir='ltr'>ipsam</span> <span class='ocrx_word' id='word_1_280' title='bbox 430 2876 459 2936; x_wconf 90' lang='lat' dir='ltr'>in</span> <span class='ocrx_word' id='word_1_281' title='bbox 485 2876 608 2940; x_wconf 81' lang='lat' dir='ltr'>Graecia</span> <span class='ocrx_word' id='word_1_282' title='bbox 634 2879 749 2959; x_wconf 82' lang='lat' dir='ltr'>quidam</span> <span class='ocrx_word' id='word_1_283' title='bbox 775 2879 995 2958; x_wconf 71' lang='lat' dir='ltr'>pyxacanthum</span> <span class='ocrx_word' id='word_1_284' title='bbox 1014 2877 1179 2943; x_wconf 84' lang='lat' dir='ltr'>Chironium</span> 
     </span>
     <span class='ocr_line' id='line_1_33' title="bbox 173 2967 287 3018; baseline 0.009 -3"><span class='ocrx_word' id='word_1_285' title='bbox 173 2967 287 3018; x_wconf 76' lang='lat' dir='ltr'>vocant.</span> 
     </span>
    </p>

    <p class='ocr_par' dir='ltr' id='par_1_6' title="bbox 129 3040 1207 3291">
     <span class='ocr_line' id='line_1_34' title="bbox 129 3040 1177 3124; baseline 0.005 -22"><span class='ocrx_word' id='word_1_286' title='bbox 129 3047 165 3102; x_wconf 77' lang='lat'>32</span> <span class='ocrx_word' id='word_1_287' title='bbox 232 3040 261 3102; x_wconf 90' lang='lat'>8.</span> <span class='ocrx_word' id='word_1_288' title='bbox 277 3041 362 3120; x_wconf 85' lang='lat'>(16.)</span> <span class='ocrx_word' id='word_1_289' title='bbox 370 3040 406 3102; x_wconf 83' lang='lat' dir='ltr'>Et</span> <span class='ocrx_word' id='word_1_290' title='bbox 422 3044 511 3106; x_wconf 89' lang='lat' dir='ltr'>macir</span> <span class='ocrx_word' id='word_1_291' title='bbox 524 3063 562 3106; x_wconf 88' lang='lat' dir='ltr'>ex</span> <span class='ocrx_word' id='word_1_292' title='bbox 573 3044 652 3107; x_wconf 88' lang='lat' dir='ltr'>India</span> <span class='ocrx_word' id='word_1_293' title='bbox 664 3047 827 3124; x_wconf 86' lang='lat' dir='ltr'>advehitur,</span> <span class='ocrx_word' id='word_1_294' title='bbox 839 3058 943 3110; x_wconf 88' lang='lat' dir='ltr'>cortex</span> <span class='ocrx_word' id='word_1_295' title='bbox 953 3047 1061 3111; x_wconf 85' lang='lat' dir='ltr'>rubens</span> <span class='ocrx_word' id='word_1_296' title='bbox 1073 3049 1177 3108; x_wconf 88' lang='lat' dir='ltr'>radicis</span> 
     </span>
     <span class='ocr_line' id='line_1_35' title="bbox 172 3125 1176 3212; baseline 0.006 -28"><span class='ocrx_word' id='word_1_297' title='bbox 172 3142 309 3202; x_wconf 79' lang='lat' dir='ltr'>magnae,</span> <span class='ocrx_word' id='word_1_298' title='bbox 332 3125 444 3186; x_wconf 87' lang='lat' dir='ltr'>nornine</span> <span class='ocrx_word' id='word_1_299' title='bbox 465 3127 578 3190; x_wconf 90' lang='lat' dir='ltr'>arboris</span> <span class='ocrx_word' id='word_1_300' title='bbox 593 3148 673 3192; x_wconf 88' lang='lat' dir='ltr'>suae.</span> <span class='ocrx_word' id='word_1_301' title='bbox 688 3133 797 3212; x_wconf 49' lang='lat' dir='ltr'>,qualis</span> <span class='ocrx_word' id='word_1_302' title='bbox 812 3134 849 3192; x_wconf 89' lang='lat' dir='ltr'>sit</span> <span class='ocrx_word' id='word_1_303' title='bbox 865 3150 899 3193; x_wconf 90' lang='lat' dir='ltr'>ea</span> <span class='ocrx_word' id='word_1_304' title='bbox 915 3134 1116 3210; x_wconf 86' lang='lat' dir='ltr'>inconpertum</span> <span class='ocrx_word' id='word_1_305' title='bbox 1132 3132 1176 3192; x_wconf 89' lang='lat' dir='ltr'>ha-</span> 
     </span>
     <span class='ocr_line' id='line_1_36' title="bbox 173 3207 1207 3291; baseline 0.01 -25"><span class='ocrx_word' id='word_1_306' title='bbox 173 3207 241 3269; x_wconf 91' lang='lat' dir='ltr'>beo.</span> <span class='ocrx_word' id='word_1_307' title='bbox 274 3211 392 3272; x_wconf 86' lang='lat' dir='ltr'>corticis</span> <span class='ocrx_word' id='word_1_308' title='bbox 410 3210 496 3272; x_wconf 90' lang='lat' dir='ltr'>melle</span> <span class='ocrx_word' id='word_1_309' title='bbox 513 3213 629 3276; x_wconf 91' lang='lat' dir='ltr'>decocti</span> <span class='ocrx_word' id='word_1_310' title='bbox 643 3233 712 3276; x_wconf 88' lang='lat' dir='ltr'>usus</span> <span class='ocrx_word' id='word_1_311' title='bbox 722 3217 758 3284; x_wconf 87' lang='lat' dir='ltr'>in</span> <span class='ocrx_word' id='word_1_312' title='bbox 774 3216 916 3280; x_wconf 87' lang='lat' dir='ltr'>medicina</span> <span class='ocrx_word' id='word_1_313' title='bbox 931 3216 971 3278; x_wconf 88' lang='lat' dir='ltr'>ad</span> <span class='ocrx_word' id='word_1_314' title='bbox 984 3217 1207 3291; x_wconf 56' lang='lat' dir='ltr'>dysintericos&amp;</span> 
     </span>
    </p>

    <p class='ocr_par' dir='ltr' id='par_1_7' title="bbox 83 3294 913 3373">
     <span class='ocr_line' id='line_1_37' title="bbox 83 3294 913 3373; baseline 0.008 -24"><span class='ocrx_word' id='word_1_315' title='bbox 83 3342 88 3349; x_wconf 83' lang='lat'><strong>.</strong></span> <span class='ocrx_word' id='word_1_316' title='bbox 173 3294 348 3373; x_wconf 88' lang='lat' dir='ltr'>praecipuus</span> <span class='ocrx_word' id='word_1_317' title='bbox 369 3294 499 3356; x_wconf 86' lang='lat' dir='ltr'>habetur.</span> <span class='ocrx_word' id='word_1_318' title='bbox 902 3341 913 3356; x_wconf 71' lang='grc'>,,</span> 
     </span>
    </p>

    <p class='ocr_par' dir='ltr' id='par_1_8' title="bbox 175 3375 1178 3546">
     <span class='ocr_line' id='line_1_38' title="bbox 237 3375 1178 3460; baseline 0.004 -23"><span class='ocrx_word' id='word_1_319' title='bbox 237 3375 321 3456; x_wconf 86' lang='grc'>(17.)</span> <span class='ocrx_word' id='word_1_320' title='bbox 345 3379 512 3442; x_wconf 73' lang='lat' dir='ltr'>§accharon</span> <span class='ocrx_word' id='word_1_321' title='bbox 528 3392 556 3442; x_wconf 91' lang='lat' dir='ltr'>et</span> <span class='ocrx_word' id='word_1_322' title='bbox 571 3383 678 3446; x_wconf 75' lang='lat' dir='ltr'>matta</span> <span class='ocrx_word' id='word_1_323' title='bbox 695 3384 767 3460; x_wconf 84' lang='lat' dir='ltr'>lert,</span> <span class='ocrx_word' id='word_1_324' title='bbox 786 3385 840 3446; x_wconf 86' lang='lat' dir='ltr'>sed</span> <span class='ocrx_word' id='word_1_325' title='bbox 855 3385 996 3448; x_wconf 86' lang='lat' dir='ltr'>laudatius</span> <span class='ocrx_word' id='word_1_326' title='bbox 1013 3382 1104 3446; x_wconf 85' lang='lat' dir='ltr'>ludia.</span> <span class='ocrx_word' id='word_1_327' title='bbox 1135 3391 1178 3444; x_wconf 91' lang='lat' dir='ltr'>est</span> 
     </span>
     <span class='ocr_line' id='line_1_39' title="bbox 175 3461 1176 3546; baseline 0.014 -33"><span class='ocrx_word' id='word_1_328' title='bbox 175 3465 271 3518; x_wconf 90' lang='lat' dir='ltr'>antem</span> <span class='ocrx_word' id='word_1_329' title='bbox 284 3461 383 3524; x_wconf 89' lang='lat' dir='ltr'>melin</span> <span class='ocrx_word' id='word_1_330' title='bbox 397 3463 600 3528; x_wconf 87' lang='lat' dir='ltr'>harundinibus</span> <span class='ocrx_word' id='word_1_331' title='bbox 614 3468 786 3546; x_wconf 88' lang='lat' dir='ltr'>collectum,</span> <span class='ocrx_word' id='word_1_332' title='bbox 810 3471 960 3534; x_wconf 85' lang='lat' dir='ltr'>cummium</span> <span class='ocrx_word' id='word_1_333' title='bbox 978 3470 1065 3529; x_wconf 92' lang='lat' dir='ltr'>modo</span> <span class='ocrx_word' id='word_1_334' title='bbox 1081 3467 1176 3532; x_wconf 90' lang='lat' dir='ltr'>candi·</span> 
     </span>
    </p>
   </div>
   <div class='ocr_carea' id='block_1_3' title="bbox 0 0 1246 3910">
    <p class='ocr_par' dir='ltr' id='par_1_9' title="bbox 0 0 1246 3910">
     <span class='ocr_line' id='line_1_40' title="bbox 0 0 1246 3910; baseline 0 2"><span class='ocrx_word' id='word_1_335' title='bbox 0 0 1246 3910; x_wconf 95' lang='lat' dir='ltr'> </span> 
     </span>
    </p>
   </div>
  </div>
 </body>
</html>
