2444 3908
181 217 182 224 ἵ
266 153 543 202 summanum.
563 139 848 224 1t-at.(2t-3o.)
1013 141 1054 204 55

21 325 174 388 genera,
195 306 326 368 Bactriae
348 317 378 368 et
394 307 537 383 Arabiae,
565 307 713 382 dilieruut,
736 307 813 388 quod
834 309 902 370 illae
925 310 990 369 bina
1005 308 1054 369 ha·

19 391 115 452 *henr
131 392 241 452 tubera
256 393 285 450 iu
299 393 403 468 dorso,
421 391 477 453 bae
493 392 606 469 singula
622 401 651 452 et
666 391 718 451 sub
734 401 856 470 pectore
872 393 992 452 alterum
1010 394 1055 452 cui

24 475 227 538 incumbant.
259 476 384 536 dentium
400 478 553 554 superiore
568 477 708 536 ordinent
723 476 815 536 boves
829 479 1054 538 carentiuutro-
1138 511 1142 521 .
1192 477 1195 487 '

23 579 101 640 que
119 577 248 638 genere.
277 578 376 620 omues
392 569 487 620 autem
502 561 690 622 iumentorum
706 561 870 620 ministeriis
885 561 972 620 dorso
992 562 1054 622 lurr-
1163 581 1165 590 ’

25 654 167 722 guntur
174 654 262 723 atquc
279 646 363 704 etiam
375 646 524 723 equitatu'
515 662 543 704 ur
558 644 689 722 proeliis.
706 644 866 704 velocitas
858 636 931 704 rr'rter
947 653 1097 726 aquosos

28 729 100 790 sed
134 747 191 789 sua
214 731 318 808 cuique
341 747 485 792 mensura
505 730 587 789 sicuti
608 730 696 787 vires.
733 745 788 788 nec
810 729 884 789 ultra
907 729 1055 788 adsuetum

29 812 191 892 procedit
207 816 339 891 epatium,
358 831 413 874 uec
428 812 492 891 plus
508 815 636 872 instituto
649 829 739 872 onere
756 813 871 892 recipit.
893 810 995 872 Odium
1006 811 1054 872 ad·

31 914 157 956 versus
181 914 273 974 equos
295 905 400 975 gerunt
426 897 565 957 naturale.
598 898 673 956 sitim
694 905 723 956 et
744 896 893 975 quatriduo
917 897 1052 972 tolerant,

33 980 277 1059 inplenturque,
295 999 359 1040 cum
377 980 494 1041 bibendi
511 983 629 1042 occasio
648 991 709 1057 est,
732 989 761 1040 et
780 983 808 1040 in
824 981 1009 1059 praeteritum
1026 989 1056 1040 et

18 1067 74 1132 ain
101 1063 232 1125 futurum
252 1064 406 1125 obturbata
430 1066 649 1143 proculcatione
671 1066 750 1142 prius
774 1082 858 1143 aqua.
889 1064 973 1124 aliter
985 1072 1056 1144 potu

37 1165 109 1212 non
126 1149 265 1225 gaudent.
297 1147 405 1209 Vivant
424 1149 634 1226 quinquagenis¹
648 1150 741 1223 annis,
755 1149 895 1227 quaedam
914 1159 942 1209 et
958 1158 1055 1208 cente·

39 1235 109 1308 nis,
146 1242 301 1311 utcumque
330 1232 439 1294 rabiem
459 1240 488 1292 et
515 1234 597 1311 ipsae
626 1233 759 1291 sentiunt.
792 1234 935 1293 castrandi
963 1249 1056 1310 genus

43 1319 141 1377 etiam
159 1315 282 1378 feminas
300 1335 374 1395 quae
389 1316 469 1376 bello
486 1325 696 1395 praeparentur
714 1317 857 1376 inventum
878 1326 932 1376 est.
954 1317 1055 1376 tortio·

26 1401 103 1462 'res
119 1402 159 1460 ita
176 1401 245 1461 liunt
261 1401 339 1460 coitu
355 1409 471 1477 negato.
1041 1427 1045 1435 »

18 1501 34 1542 ιι
119 1483 205 1564 (27.)
229 1485 334 1544 llarum
355 1485 450 1562 aliqua
466 1483 620 1544 similitudo
638 1484 667 1542 in
689 1485 745 1544 duo
763 1485 934 1546 transfertur
949 1484 1097 1552 anima-69

44 1571 101 1630 lia.
131 1567 228 1627 nabun
243 1568 406 1646 Aethiopes
421 1567 622 1640 vocantcollo
642 1568 763 1628 similem
779 1587 865 1647 equo,
883 1568 1005 1647 pedibus
1027 1577 1056 1628 et

46 1651 188 1714 cruribus
205 1652 284 1728 bovi,
304 1653 416 1712 camelo
434 1653 546 1730 capite,
570 1652 644 1712 albis
659 1653 779 1712 maculis
794 1653 907 1713 rutilum
925 1653 1056 1712 colorem
1107 1687 1110 1694 ·

47 1736 312 1812 distinguentibus,
344 1736 417 1796 unde
444 1735 590 1814 appellata
617 1737 877 1815 camelopardalis
907 1737 1056 1796 dictatoris

18 1817 19 1824 '
49 1819 191 1882 Caesaris
215 1819 395 1880 circensibus
418 1820 492 1880 ludis
513 1821 633 1898 primum
653 1821 716 1886 visa
740 1820 857 1881 Romae.
874 1839 912 1881 ex
931 1838 967 1880 eo
989 1819 1055 1880 sub·

20 1906 121 1966 ainde
140 1906 266 1964 cernitur
276 1901 417 1982 adspectu
434 1905 525 1981 magis
538 1921 623 1984 quam
638 1903 754 1998 feritate
771 1908 937 1984 conspicua,
965 1921 1055 1984 quare
1164 1942 1166 1953 ·

51 1992 142 2050 etiam
159 1990 222 2048 ovis
237 1989 320 2048 israe
343 2005 448 2048 nomen
463 1990 579 2048 invenit.

119 2071 167 2132 19.
185 2070 265 2145 (28.)
288 2070 407 2150 Pomper
417 2071 516 2149 Magna
534 2073 653 2150 primum
664 2071 724 2131 ludi
741 2073 928 2132 ostenderunt
944 2073 1053 2148 chama,
1064 2079 1099 2135 to
1165 2101 1172 2107 ·

53 2175 144 2238 quem
161 2155 235 2217 Galli
253 2155 354 2216 rubum
369 2156 524 2231 vocabant,
540 2155 638 2231 elligie
657 2154 733 2233 lupi,
757 2157 910 2234 pardorum
924 2156 1055 2216 maculis.
1111 2199 1114 2202 -

54 2243 145 2304 iidem
165 2258 202 2302 ex
225 2239 381 2318 Aethiopia
397 2257 469 2317 quas
484 2248 589 2298 vocant
610 2238 737 2316 cephus,
754 2257 873 2316 quarum
888 2238 980 2316 pedes
1003 2255 1055 2316 po·

27 2327 197 2388 usteriores
206 2323 333 2402 pedibu
348 2323 477 2382 humanis
493 2332 522 2382 et
539 2321 680 2396 cruribus,
697 2323 811 2399 priores
829 2321 957 2383 manibus
974 2322 1057 2381 luere

57 2409 176 2488 similes.
207 2408 264 2467 boc
279 2407 381 2468 animal
398 2415 502 2485 postea
518 2405 608 2466 Roma
624 2422 681 2464 non
703 2405 783 2466 vidit.

123 2494 171 2553 20.
196 2491 278 2571 (29.)
302 2490 408 2552 lisdem
425 2490 499 2551 ludis
515 2499 545 2549 et
562 2490 733 2550 rhinoceros
754 2491 836 2551 unius
857 2492 885 2550 in
905 2509 975 2552 nare
992 2501 1098 2555 cor-'ll

59 2596 128 2653 nus,
151 2577 243 2656 qualis
257 2593 349 2654 saepe
369 2577 458 2634 visus.
489 2575 564 2634 alter
586 2574 633 2634 hic
653 2575 768 2650 genitus
788 2575 881 2635 hostis
901 2575 1056 2655 elephanto

61 2679 149 2723 cornu
170 2661 206 2720 ad
229 2677 300 2720 saxa
322 2660 419 2720 limato
442 2667 597 2737 praeparat
619 2677 653 2716 se
675 2675 807 2736 pugnae,
831 2661 859 2718 iu
875 2659 1060 2721 dimicatione

35 2747 155 2808 caluom
168 2762 301 2805 maxume
318 2751 432 2830 petens,
449 2761 532 2822 quam
547 2743 603 2802 scit
620 2759 687 2800 esse
703 2743 876 2804 molliorem.
908 2744 1057 2822 longitudo

62 2849 124 2912 par,
142 2834 222 2890 crura
236 2829 325 2887 multo
343 2813 490 2902 breviora,
507 2827 590 2886 color
604 2825 727 2886 buxeus.

124 2913 171 2974 21.
196 2911 279 3011 (30)
302 2911 414 2988 Lyncas
436 2912 526 2988 volgo
549 2909 711 2988 frequentis
736 2921 766 2970 et
795 2913 949 2991 sphingas,
973 2912 1100 2975 iuscoit

64 3001 133 3080 pilo,
150 2998 275 3058 mammis
292 2997 320 3054 in
337 3003 458 3075 pectore
474 2995 612 3073 geminis,
628 2993 785 3075 Aethiopia
801 3005 940 3074 generat,
956 2995 1056 3054 multa·
1143 3051 1152 3068 ,

67 3103 119 3164 que
134 3083 187 3143 alia
204 3082 323 3143 monstri
337 3081 449 3155 similia,
466 3081 599 3157 pinnatos
621 3095 714 3156 equos
736 3090 765 3140 et
781 3081 917 3142 cornibus
933 3087 1057 3138 armatos

42 3182 137 3247 uquos
150 3181 276 3245 pegasos
292 3174 413 3239 vocant,
433 3171 580 3222 crocottaa
600 3161 681 3222 velut
702 3181 740 3224 ex
755 3183 827 3225 cane
845 3166 972 3242 lupoque
989 3179 1057 3222 con
1201 3225 1203 3248 4

69 3261 176 3330 ceptos,
193 3250 286 3308 omnia
303 3247 437 3308 dentibus
451 3247 610 3323 frangentis
626 3247 816 3346 protinusque
832 3249 969 3309 devorata
990 3262 1057 3306 con·
1137 3311 1139 3316 ,

25 3325 29 3334 ’
69 3335 182 3396 icientis
202 3343 321 3406 ventre,
358 3331 583 3409 cercopithecos
604 3330 695 3407 nigris
721 3333 879 3412 capitibus,
905 3332 965 3412 pilo
987 3333 1059 3392 asini
1133 3362 1138 3417 .'

71 3429 96 3481 et
114 3417 253 3480 dissimilis
271 3417 377 3476 ceteris
392 3431 478 3492 voce,
497 3414 614 3476 ludicos
633 3415 727 3478 borea
750 3417 895 3477 unicornis
911 3417 1059 3478 tricornis-
1129 3425 1134 3458 ·”
1154 3485 1158 3492 ,
