2482 3910
177 189 237 252 192
519 195 827 248 commarcarum

175 375 246 418 rosa
267 356 392 417 exilitas.
437 356 465 414 ic
487 355 589 416 eadem
608 355 767 434 praecipua
788 353 938 414 hilaritatis
961 352 1065 427 sedes,
1096 353 1174 431 quod

175 440 288 500 titillatu
306 457 437 500 maxume
451 438 629 516 intellegitur
646 437 754 498 alarum
775 437 811 497 ad
830 453 902 518 quas
917 436 1007 511 subit,
1030 452 1089 496 aon
1105 436 1174 497 alibi

175 525 306 584 tenuiore
325 524 445 585 humana
464 531 545 597 cute,
564 522 631 582 ideo
646 519 785 582 scabendi
799 519 951 581 dulcedine
965 520 1007 580 ilti
1022 535 1171 599 proxuma.

176 607 213 668 olt
228 607 285 670 hoc
307 609 335 667 iu
355 606 474 686 praeliis
496 605 745 684 gladiatorumque
763 604 941 683 spectaculis
968 612 1092 666 mortem
1110 621 1172 664 cunr

174 694 232 752 ritu
248 693 370 752 traiecta
389 690 561 770 praecordia
575 690 739 752 adulemur.
1178 709 1190 750 a

133 783 183 840 199
246 773 330 854 (78.)
347 774 454 836 Subest
468 784 571 836 uenter
588 771 765 834 stomachum
782 771 965 846 habentibus,
981 773 1091 834 ceteris
1107 773 1170 832 sim·

173 860 261 939 plen,
277 857 481 918 ruminantibus
495 858 639 935 geminus,
662 857 801 934 tamine
816 854 981 916 carentibus
996 853 1104 918 nullus.
1133 856 1170 916 ir·

173 945 294 1004 tostinus
315 942 391 1002 enim
410 940 447 1002 ab
469 959 519 1014 one
535 942 676 1019 incipiens
693 938 862 1019 quibusdam
879 939 985 1000 cedern
1000 937 1169 1014 reflectitur,

172 1035 202 1085 ut
219 1025 338 1102 saepiae
360 1033 389 1084 et
412 1022 532 1102 polypo.
571 1026 599 1084 in
619 1024 733 1086 domiue
754 1023 883 1092 aduenas
904 1023 1000 1086 intimo
1021 1023 1170 1084 monacho

173 1109 272 1168 similis
288 1109 400 1171 canino.
433 1107 485 1168 llis
498 1108 570 1170 solis
585 1108 745 1170 animalium
760 1106 899 1170 inferiore
912 1115 997 1184 parte
1012 1108 1198 1182 augustiana

172 1194 269 1272 itaque
285 1201 314 1250 et
329 1191 391 1252 sola
406 1202 533 1268 vomunt,
549 1193 615 1270 auia
629 1191 745 1270 repleto
761 1199 883 1270 propter
896 1191 1043 1268 augustias
1059 1191 1170 1270 suppri-

173 1277 256 1336 mitur
277 1275 373 1352 cibus‚
398 1276 476 1354 quod
495 1276 629 1338 recidere
649 1292 706 1336 non
727 1283 826 1354 potest
849 1275 884 1336 iis
901 1292 1022 1352 qaorum
1043 1275 1171 1352 spatiosa

173 1359 275 1421 laxitas
294 1378 359 1420 eum
374 1361 402 1420 in
417 1359 554 1423 iuferiora
569 1359 741 1422 transmittit.

130 1453 183 1508 που
256 1443 340 1524 (79.)
363 1442 408 1502 at
429 1443 487 1504 lrcc
507 1443 669 1506 ventriculo
689 1443 783 1504 lactes
801 1443 830 1505 in
845 1459 902 1532 ove
921 1449 950 1501 et
967 1440 1099 1516 nonme,
1122 1460 1172 1520 per

173 1544 245 1604 quas
260 1527 364 1588 labitur
380 1526 472 1602 cibus,
489 1529 517 1588 in
532 1528 638 1590 ceteris
653 1526 757 1601 luillae,
775 1545 793 1589 a
807 1525 911 1606 quibua
927 1525 1084 1604 capaciora
1100 1527 1200 1586 intes

173 1612 246 1670 atina
269 1611 305 1671 ad
325 1610 438 1686 alvom,
461 1611 625 1690 hominique
645 1610 865 1673 flexuosissimis
888 1607 1016 1669 orbibus.
1062 1609 1171 1670 idcireo

173 1695 266 1771 magis
286 1693 362 1754 avidi
384 1694 513 1756 ciborum
536 1695 638 1773 quibus
654 1691 692 1755 ab
708 1694 776 1754 alvo
792 1693 907 1770 longius
922 1693 1055 1772 spatium.
1088 1693 1173 1762 iidem

171 1779 262 1836 minus
281 1777 419 1838 sollertes
436 1777 539 1856 quibus
555 1777 745 1838 obesissimus
759 1787 870 1840 venter.
890 1775 972 1841 Ares
987 1793 1109 1856 quoque
1123 1796 1172 1854 pe·

171 1862 263 1921 minos
280 1863 357 1920 sinus
374 1859 481 1920 habent
495 1863 653 1940 quaedam,
671 1879 755 1921 unum
779 1877 836 1940 quo
851 1868 1017 1938 merguntur
1031 1862 1171 1936 recente,

172 1955 203 2006 ut
218 1954 328 2022 guttur,
345 1944 484 2022 alterum,
500 1947 529 2006 in
545 1963 630 2024 quem
644 1963 682 2006 ex
698 1945 892 2006 rto-dimittunt
907 1943 1103 2006 concoctione
1116 1961 1200 2004 mar-rc

130 2039 179 2092 201
191 2037 295 2104 tutata,
312 2039 342 2088 ut
358 2027 495 2106 gallinae,
515 2027 675 2108 palumbes,
694 2027 856 2102 columbae,
874 2027 1021 2108 perdices.
1055 2037 1173 2090 ceterae

171 2113 235 2172 iere
253 2120 353 2174 carent
369 2130 423 2188 eo,
442 2113 495 2173 sed
510 2111 578 2190 gula
596 2113 757 2192 patentiore
775 2120 905 2186 utuntur,
921 2119 952 2170 ut
966 2111 1093 2188 graculi,
1111 2129 1173 2172 cor·

172 2197 211 2272 vi,
229 2199 373 2258 cornices.
393 2197 533 2276 quaedam
548 2205 649 2258 neutro
664 2195 766 2272 modo,
786 2196 838 2256 sed
853 2203 985 2255 ventrem
1001 2212 1174 2274 proxumum

172 2279 295 2357 habent,
318 2281 419 2361 quibus
442 2281 602 2361 praelonga
623 2279 701 2341 colla
724 2288 753 2339 et
767 2288 903 2357 angusta,
925 2288 954 2338 ut
970 2279 1173 2358 porphyrioni.

171 2363 282 2424 Venter
298 2365 492 2444 solidipedum
507 2383 594 2444 asper
611 2373 640 2424 et
655 2365 751 2423 durus.
792 2364 970 2423 terrestrium
991 2362 1057 2423 aliis
1081 2364 1203 2425 denti-rt

172 2447 286 2506 colatae
301 2448 477 2526 asperitatis,
495 2448 558 2508 aliis
574 2446 755 2508 eaueellatim
770 2446 923 2508 mordacis.
956 2445 1060 2525 quibus
1076 2465 1174 2528 neque

8 2563 18 2586 ,-
122 2541 124 2545 ’
173 2529 275 2587 dentes
293 2531 434 2607 utrimque
448 2547 504 2588 uec
521 2533 686 2608 ruminatio,
703 2530 749 2590 lric
766 2532 956 2591 coniiciuntur
970 2529 1045 2605 eibi,
1061 2529 1132 2592 hinc
1147 2532 1175 2590 in

130 2611 283 2674 latalaum
299 2611 479 2672 delabuntur.
511 2612 604 2676 lledia
618 2615 692 2676 haec
706 2614 842 2675 unrlrilico
857 2614 968 2676 adnexa
984 2613 1131 2691 omnibus,
1147 2617 1174 2674 in

171 2693 287 2754 homine
303 2694 406 2756 suillae
421 2697 515 2758 iniinra
530 2705 613 2776 parte
628 2699 745 2773 similis,
766 2697 921 2758 ailmeeis
934 2697 1107 2776 appellatur
1124 2715 1173 2759 co·

172 2779 232 2854 lon,
247 2775 296 2840 ulti
310 2779 441 2843 dolorum
454 2799 557 2859 magna
573 2799 668 2843 eausa.
698 2782 900 2859 anfflustissirna
916 2780 1045 2856 canibus,
1062 2799 1122 2860 qua
1137 2783 1203 2842 deil

173 2880 260 2924 causa
273 2862 435 2925 uelamenti
448 2867 511 2925 nisu
525 2883 580 2926 nec
595 2867 657 2925 sine
672 2869 800 2928 cruciatu
814 2863 912 2926 levant
926 2882 998 2926 eam.
1025 2866 1176 2928 insatiabi-

172 2947 211 3008 lia
229 2947 399 3021 auimalium‚
417 2949 520 3027 quibus
535 2967 551 3010 a
566 2958 668 3011 ventre
684 2951 814 3029 protinus
828 2959 912 3010 recto
926 2949 1063 3010 intestino
1079 2959 1174 3010 trans·

129 3039 182 3094 lot
194 3041 261 3092 eunt
277 3030 349 3106 cibi,
373 3040 405 3092 ut
424 3032 499 3110 lupis
516 3035 654 3094 cervariis
672 3045 702 3095 at
716 3035 789 3094 inter
804 3035 865 3094 avis
880 3033 998 3110 mergis.
1043 3032 1176 3095 Ventres

174 3115 330 3194 elephanto
346 3123 495 3192 quattuor,
516 3126 614 3180 cetera
636 3118 725 3178 subus
745 3117 863 3193 similia,
886 3117 984 3196 pulmo
1006 3116 1173 3198 quadruplo
1233 3133 1235 3138 ·

172 3201 263 3260 maior
283 3198 400 3260 bubulo.
430 3197 542 3260 Avibus
558 3211 659 3262 venter
673 3218 811 3262 carnosus
828 3200 1023 3281 callosasque.
1055 3203 1086 3260 in
1101 3213 1205 3262 ven-tt

173 3291 216 3342 tre
233 3282 412 3344 hirundinum
436 3281 522 3362 pullis
542 3284 633 3363 lapilli
655 3285 776 3347 candido
793 3293 841 3345 aut
857 3284 969 3346 rubenti
984 3285 1106 3360 colore,
1125 3288 1174 3364 qui

174 3365 328 3426 chelidonii
342 3375 491 3444 uocantur,
509 3368 627 3444 magieis
642 3370 747 3430 narrati
763 3367 871 3428 artibus
885 3371 1077 3449 reperiuntur.
1099 3376 1131 3430 et
1144 3370 1172 3428 in

173 3447 354 3511 iuvencarum
369 3451 499 3527 seeundo
509 3459 610 3512 uentre
621 3453 698 3530 pilae
710 3450 881 3514 rotunditate
894 3453 1038 3531 nigricans
1049 3452 1170 3531 tophus,
