2444 3908
174 159 217 222 90
518 177 548 224 c.
565 177 660 224 enirn
676 173 827 224 annuum

172 345 227 390 eae
243 339 274 390 et
287 331 409 409 sopitus,
430 337 461 388 ut
476 329 622 410 adparuit,
641 330 742 388 odoris
760 331 889 390 novitate
905 329 1182 410 fluctuatusqueui

51 467 53 472 .
171 413 246 474 milis
261 415 384 475 exanimi
405 414 497 474 carnit
513 411 655 475 hominum
681 416 904 474 conversatione
925 423 958 474 nt
971 415 1092 474 iniuria
1115 415 1184 492 iuga

171 505 217 556 tus
232 515 286 576 per
302 498 412 576 aliquot
423 515 549 572 menses,
564 514 633 557 mox
642 515 780 558 reversus
792 499 821 557 in
837 497 941 558 eodem
956 499 1120 558 miraculo
1135 499 1184 558 fnit

172 582 291 642 iniuriae
317 591 493 661 potestatum
526 583 555 640 in
581 581 733 659 hospitalis
756 582 793 642 ad
824 581 976 642 uisendum
1004 583 1187 642 venientia

129 671 165 726 nt
175 664 372 744 Hipponensis
394 667 422 724 in
436 683 539 725 necem
559 667 622 725 eius
640 664 841 743 conpulerunt.
868 665 943 725 Ante
968 665 1053 726 haec
1089 665 1198 726 simus

173 750 210 810 de
231 767 323 828 puero
348 751 376 808 in
391 749 458 814 Iaso
472 749 544 810 urbe
569 758 773 824 memorantur,
796 751 877 809 cuins
900 767 1001 810 amore
1032 760 1187 828 spectatus

171 833 260 910 longo
276 843 420 912 tempore,
436 833 502 892 dum
517 831 668 893 abeuntem
684 835 713 891 in
736 833 804 894 litun
819 833 902 894 avide
922 835 1079 912 seqnitur,
1099 836 1134 894 in
1149 835 1186 894 he

171 933 269 978 renam
286 918 419 976 inuectus
433 918 601 994 exspiravit.
618 933 739 996 puerum
754 916 923 980 Alexander
940 916 1077 994 magnus
1097 917 1186 990 Baln-

171 1001 240 1060 lons
260 999 405 1078 Neptunia
434 993 599 1062 sacerdbtio
622 1001 766 1079 praefecit
791 1018 919 1062 amorem
945 1001 1048 1062 illum.
1065 1002 1186 1062 nmini

171 1085 288 1162 propitii
303 1083 394 1144 inisse
411 1086 626 1162 interpretatus.
658 1083 690 1143 ln
711 1085 813 1145 eadem
837 1085 908 1146 urbe
928 1084 997 1147 lano
1014 1085 1203 1164 Hegesidea

172 1185 234 1227 mus
252 1168 355 1228 scribit
368 1176 396 1226 et
412 1168 497 1228 alium
511 1187 632 1248 puerum
652 1167 787 1228 llermian
801 1169 916 1230 nornine
940 1169 1088 1230 similiter
1101 1169 1185 1252 maria

171 1253 411 1332 perequitantern,
427 1271 490 1313 cnm
501 1255 671 1331 repentinae
682 1252 834 1331 procellae
849 1252 984 1314 ductibus
996 1255 1185 1314 exanimata

123 1369 126 1376 ι
171 1346 267 1412 esset,
290 1336 429 1413 relatum,
454 1336 678 1416 delphinumque
701 1354 815 1396 cansam
832 1336 881 1398 leti
899 1338 1044 1398 latentem
1064 1357 1133 1398 nou
1147 1354 1184 1396 re

82 1439 85 1445 “
128 1429 164 1484 28
174 1438 289 1481 versum
303 1421 331 1480 in
342 1422 430 1481 maria
444 1429 530 1498 atque
547 1421 575 1480 in
590 1421 670 1480 sicco
687 1421 865 1498 exspirasse.
892 1420 956 1481 lloc
967 1420 1053 1482 idem
1068 1433 1101 1483 et
1114 1421 1182 1482 llan-

172 1507 249 1583 pncti
266 1506 411 1564 accidisse
422 1503 641 1582 Theophrastus
655 1505 750 1566 tradit.
778 1521 834 1564 nec
847 1506 950 1566 modus
961 1507 1203 1585 exemplorum

174 1589 277 1648 eadem
292 1585 477 1664 Amphilochi
492 1597 523 1646 et
543 1586 690 1648 Tarentini
711 1588 749 1648 de
765 1589 863 1667 pueris
882 1587 1102 1668 delphinisque
1126 1605 1181 1648 nar

172 1679 243 1730 rant.
275 1687 349 1747 quae
365 1670 471 1730 iaciunt
484 1680 515 1730 ut
528 1671 662 1732 credatur
677 1671 815 1732 Arionem
828 1689 945 1751 qunque
956 1673 1181 1734 citharoedicae

60 1793 61 1796 κ
170 1755 259 1828 artis,
279 1755 444 1814 interlucere
459 1757 550 1814 nautis
566 1757 595 1816 in
609 1756 680 1815 mari
694 1755 860 1834 parantibus
884 1756 920 1816 ad
945 1756 1181 1836 intercipiendos

171 1839 235 1897 sius
251 1847 404 1915 quaestus,
430 1837 604 1898 eblanditum
621 1847 651 1898 ut
671 1841 752 1917 prius
778 1849 897 1900 caneret
919 1840 1028 1902 cithara
1055 1857 1180 1918 congre

75 1927 82 1935 ‘
171 1923 247 1998 gatis
265 1921 519 2000 cantu-delphinis,
537 1939 600 1982 oum
615 1940 648 1982 se
664 1925 786 1984 lenisset
801 1925 829 1983 in
846 1942 942 2000 mare,
967 1935 1138 2002 exceptum
1150 1921 1201 1984 aba

170 2021 228 2064 uno
245 2004 405 2066 Taenarum
419 2007 448 2065 in
463 2006 529 2066 litus
541 2015 719 2084 pervectum.

123 2099 163 2154 *29
234 2087 297 2168 (9.)
320 2087 373 2150 list
390 2091 558 2168 provinciae
576 2088 774 2151 Narbonensis
792 2101 820 2154 et
835 2093 864 2151 in
879 2091 1088 2154 Nemausiensi
1110 2107 1178 2170 agro

171 2182 303 2252 stagnum
318 2172 422 2236 Latera
437 2174 630 2254 appellatum,
654 2175 702 2236 uhi
719 2193 782 2236 cnm
799 2175 914 2236 homine
933 2175 1065 2254 delphini
1082 2178 1177 2237 socie

169 2267 229 2319 tate
249 2261 405 2338 piscantur.
441 2261 588 2319 innumera
618 2261 662 2318 vis
689 2259 825 2337 mugilum
858 2268 934 2320 stato
962 2269 1103 2338 tempore
1135 2277 1177 2321 an

70 2403 73 2411 ,
169 2346 262 2420 gustis
277 2344 410 2404 laudibus
429 2344 525 2420 stagni
546 2345 673 2402 inmane
691 2345 813 2422 erumpit
836 2342 990 2404 observatu
1011 2353 1119 2404 aestus
1135 2361 1198 2404 res

172 2428 381 2504 ciprccntione.
414 2445 469 2504 qua
486 2426 522 2485 de
538 2444 625 2486 causa
638 2427 788 2503 praetendi
800 2443 858 2486 non
875 2436 984 2506 queunt
993 2429 1070 2487 retia
1082 2445 1177 2508 aeque

172 2510 278 2567 molem
296 2509 433 2587 ponderis
453 2509 533 2568 nullo
548 2510 634 2570 modo
650 2510 820 2586 toleratura,
840 2513 1025 2572 etiamsinon
1041 2512 1177 2573 sollertia
1217 2527 1218 2530 ¹

171 2591 321 2650 insidietur
345 2593 478 2670 tempori.
508 2593 594 2652 simili
607 2595 723 2654 ratione
741 2595 770 2653 in
792 2594 880 2656 altum
902 2596 1031 2674 protinus
1054 2597 1177 2656 tendunt
1215 2551 1218 2706 1

174 2673 250 2750 quod
269 2675 364 2735 vicino
379 2677 493 2752 gurgite
509 2675 642 2752 efficitur,
659 2677 812 2756 locumque
836 2680 930 2739 solnm
945 2675 1111 2757 pandendis
1132 2697 1176 2738 re
1217 2707 1218 2736 r

127 2755 250 2821 notibus
271 2756 397 2818 habilem
425 2759 555 2837 elingere
581 2760 726 2822 festinant.
754 2763 841 2840 *quod
867 2763 917 2822 uhi
940 2741 1218 2826 animadverteres*

171 2842 330 2920 piscantes,
340 2876 382 2891 --
390 2845 535 2904 concurrit
546 2853 642 2904 autem
653 2845 803 2906 multitudo
817 2848 958 2925 temporis
971 2864 1061 2924 gnara
1071 2855 1109 2906 et
1119 2863 1175 2908 ma·

171 2926 216 3003 gis
232 2926 319 2986 etiam
333 2927 490 3006 voluptatis
504 2928 587 2988 huius
605 2929 698 3004 auida,
711 2963 752 2976 —-
765 2937 901 3008 tutusque
917 2931 1071 3008 populnse
1083 2930 1174 2990 litore
1217 2943 1218 2978 t

171 3010 1175 3175 nunnushirundines:ueludlurotu

124 3193 136 3215 ³
171 3183 385 3256 prosequente,
411 3188 509 3244 austro
524 3193 596 3238 vero
611 3180 720 3239 tardius
732 3195 775 3240 eu
789 3179 914 3242 aduerso
929 3183 1088 3244 referente.
1122 3180 1197 3241 seda

129 3267 163 3322 31
171 3269 229 3320 tam
247 3279 368 3342 quoque
389 3263 539 3341 inprouiso
560 3265 594 3322 in
611 3263 746 3324 auxilium
769 3264 914 3326 aduolant.
947 3283 1111 3345 properare
1124 3264 1172 3326 ad·

166 3355 256 3420 'paret
276 3347 357 3406 acies
379 3359 454 3425 quae
474 3347 604 3425 protinus
626 3347 786 3424 disponitur
802 3349 832 3407 in
857 3349 926 3408 loco
947 3349 997 3410 nbi
1021 3351 1170 3410 coniectus

171 3435 221 3485 est
233 3446 360 3504 pugnae.
391 3439 541 3510 opponunt
561 3447 628 3490 sese
649 3429 685 3491 ab
700 3430 764 3490 alto·
777 3433 967 3512 trepidosque
988 3434 1017 3493 ia
1034 3435 1109 3496 uada
1126 3449 1168 3504 ur-
