2462 3900
305 173 495 272 summer.
515 225 604 272 ιιιιιι.
628 223 715 277 3-4.
740 161 882 300 (4-6.)ι
1020 219 1078 282 261

69 397 136 440 rum
152 393 192 438 eo
206 379 297 438 minus
310 373 476 455 omittenda,
492 388 523 438 ut
538 387 694 440 noscantur
709 383 794 442 etism
809 386 947 462 praemia,
965 390 1080 466 quaein

71 464 152 524 omni
173 481 205 522 re
220 479 353 522 maxume
368 471 544 543 spectantur.
575 481 711 525 summam
727 483 800 542 ergo
815 466 937 546 adeptus
953 481 998 530 est
1010 473 1075 550 glo·
1087 484 1122 539 48

68 550 143 608 riam
158 546 272 606 Acilius
286 546 443 608 Sthenelus
459 567 476 606 e
490 546 578 626 plebe
591 546 722 608 libertina
737 563 785 612 nx
806 552 936 628 iugerum
951 570 1007 615 non
1022 573 1078 616 am·

68 632 150 712 plius
169 631 262 689 uineis
279 631 401 692 excultis
419 632 447 690 in
462 629 643 692 Nomentano
660 649 731 708 egro
755 643 841 712 atque
858 647 941 698 cccc
955 651 981 698 ιι
1000 657 1077 700 num·
1193 689 1198 702 ι

44 727 151 776 rmum
170 715 349 775 venundatis.
388 713 582 794 lingoniam
604 725 632 774 et
649 715 795 778 Vetnleao
811 717 935 798 Aegialo
957 721 1077 800 perinde
1086 733 1120 788 to

68 798 212 861 libertino
238 799 290 858 init
313 799 341 858 in
365 797 523 878 Campania
545 818 614 859 rure
632 799 794 877 Litentino,
820 805 970 883 maiorque
993 807 1079 866 etiarn

68 883 180 944 favore
200 882 358 958 hominum,
382 885 517 962 maiam
539 886 631 962 ipsum
653 883 782 946 Africani
803 886 920 947 colebat
935 889 1076 950 exsilium.

68 967 123 1028 sed
146 983 295 1042 ιιιιιιιιιιιι,
317 964 446 1028 eiusdem
460 967 592 1028 Stheneli
608 985 715 1046 opera,
737 968 888 1030 llbemmio
902 971 1076 1060 Palaemoni,

68 1052 143 1112 ullas
161 1053 346 1127 mammatica
362 1061 424 1112 arte
443 1051 571 1126 celebri,
587 1052 615 1110 in
630 1051 712 1112 bisce
726 1065 775 1114 xx
790 1056 871 1116 annis
882 1066 1010 1118 mercato
1027 1075 1077 1116 rus

33 1155 57 1196 m
66 1147 116 1194 Dc
125 1149 154 1196 uu
163 1151 304 1194 nummum
313 1136 341 1194 in
349 1136 456 1195 eodem
462 1134 642 1196 Nomentano
655 1137 768 1196 decumi
779 1137 882 1216 lapidis
895 1138 931 1200 ab
943 1140 1014 1200 urbe
1026 1141 1076 1200 de·

66 1218 227 1278 verticulo.
241 1228 388 1278 estantem
399 1237 609 1298 mansumque
621 1229 688 1280 nota
699 1219 794 1280 vilitas
805 1223 973 1300 mercisper
982 1225 1074 1284 omniu
1084 1235 1119 1287 5⁰
1154 1219 1158 1230 '

67 1303 255 1377 suburbana,
267 1302 307 1361 ibi
322 1311 418 1362 tamen
430 1314 584 1377 maxuma,
593 1305 727 1381 quoniam
739 1313 769 1362 et
779 1304 914 1381 neglecta
926 1305 1076 1383 indiligen-

65 1389 106 1448 tia
123 1386 248 1466 praedia
262 1396 434 1466 paraverat,
450 1403 485 1446 ac
500 1405 536 1446 ne
550 1389 579 1446 in
594 1388 738 1464 pessumis
758 1387 873 1467 quidem
889 1389 1075 1466 elegantioris

67 1471 136 1531 soli.
168 1471 242 1530 baec
260 1471 418 1548 adgressus
433 1471 574 1531 excolere
589 1469 647 1532 ndu
659 1473 763 1533 virtute
779 1473 864 1532 animi
880 1472 933 1532 sed
949 1475 1074 1534 vanitate

7 1559 15 1572 '
34 1557 181 1634 reprimo,
200 1571 275 1633 qnae
287 1565 356 1614 nota
367 1555 439 1616 mire
454 1557 482 1614 in
496 1555 547 1616 illo
562 1555 630 1630 luit,
647 1555 798 1634 pastinatis
810 1556 844 1615 de
857 1555 971 1633 integro
984 1558 1075 1616 vitreis
1125 1564 1129 1570 '

69 1657 140 1700 cura
158 1637 307 1714 Stheneli,
331 1640 396 1699 dum
415 1639 574 1717 agricolam
589 1639 728 1715 imitatur,
752 1641 788 1700 ad
807 1641 856 1698 vix
873 1640 1011 1700 credibile
1025 1641 1074 1700 mi·

67 1723 202 1784 naculum
223 1723 375 1802 perduxit,
397 1724 470 1784 intra
497 1733 631 1784 octavum
650 1739 752 1785 aarum
778 1736 864 1784 occo
885 1737 911 1784 M
934 1742 1074 1786 nummum

68 1808 196 1886 emptori
219 1806 334 1868 addicta
356 1807 502 1888 pendente
525 1807 677 1870 vindemia.
710 1809 895 1888 cucurritque
917 1826 974 1867 non
989 1825 1072 1868 nemo
1084 1819 1115 1870 51
1214 1815 1225 1830 ”

68 1891 104 1952 ad
122 1891 298 1970 spectandas
314 1910 432 1954 uvarum
448 1894 475 1954 in
493 1894 528 1952 iis
545 1894 638 1954 vineis
659 1900 771 1970 strues,
793 1891 896 1953 litteris
915 1893 977 1952 eius
993 1892 1074 1953 altio·

34 1975 273 2036 toribus‘contra
293 1976 322 2038 id
339 1978 422 2055 pigra
442 1978 588 2038 vicinitate
604 1977 664 2039 sibi
682 1977 897 2054 patrocinante,
919 1977 1075 2036 novissime

5 2077 8 2084 ’
68 2059 194 2120 Annaeo
211 2061 342 2135 Seneca,
361 2061 493 2137 principe
509 2071 567 2120 tum
582 2060 751 2120 eruditionis
768 2077 803 2118 ac
819 2060 984 2136 potentiae,
1001 2075 1074 2135 quae

67 2153 222 2222 postremo
250 2144 334 2204 nimia
355 2144 411 2202 ruit
434 2160 522 2219 super
544 2143 652 2219 ipsum,
680 2142 803 2202 minume
823 2141 922 2216 utique
938 2142 1076 2200 miratore

3 2293 6 2300 ,
66 2229 210 2303 inanium,
232 2236 310 2286 tanto
325 2225 428 2304 praedi
448 2224 532 2284 buius
547 2241 647 2284 amore
669 2232 755 2301 capto
771 2233 802 2282 ut
822 2237 879 2282 non
896 2221 1019 2299 puderet
1033 2225 1074 2281 in·
1093 2296 1096 2304 Ι

67 2313 136 2370 viso
157 2309 228 2370 alias
249 2319 280 2368 et
304 2317 483 2369 ostentaturo
503 2309 620 2370 tradere
640 2307 763 2386 palmam
785 2321 864 2381 ean,
888 2306 991 2383 emptis
1007 2323 1094 2383 qua·

35 2407 58 2449 tt
68 2394 227 2472 driplicato
244 2394 337 2454 vineis
349 2393 408 2452 illis
423 2393 495 2453 intra
507 2393 656 2454 decumum
670 2391 733 2452 lere
746 2409 833 2452 curae
846 2406 957 2450 annum.
987 2389 1073 2466 digna
1084 2399 1117 2450 52

67 2495 165 2557 opera
181 2493 255 2554 quae
277 2479 305 2537 in
323 2474 467 2538 Caecubis
483 2478 649 2555 Setinisque
666 2477 745 2552 agris
764 2475 939 2554 proliceret,
961 2473 1075 2552 qnando

69 2571 100 2622 et
114 2570 222 2641 postea
239 2579 451 2642 saepenumero
466 2571 605 2640 septenos
620 2561 734 2620 culleos
749 2558 861 2636 singula
877 2559 996 2635 iugera,
1019 2557 1076 2618 hoc

69 2655 116 2706 est
144 2643 298 2724 amphoras
322 2654 461 2706 centenas
476 2647 694 2725 quadragenas,
712 2644 796 2702 musti
811 2643 931 2704 dedere.
970 2641 1016 2701 lle
1038 2659 1074 2700 ne

70 2731 137 2808 quis
152 2731 257 2790 victam
279 2733 307 2790 in
325 2730 384 2790 boo
398 2731 595 2808 antiquitatem
609 2728 782 2802 arbitretur,
801 2726 876 2788 idern
892 2723 966 2786 Cato
984 2725 1075 2785 denos

37 2829 61 2872 co
71 2814 186 2874 culleos
204 2815 301 2876 redire
319 2833 356 2876 ex
369 2813 517 2892 iugeribus
530 2815 663 2891 scripsit,
679 2809 849 2872 efficacibus
866 2809 1008 2887 exemplis
1020 2823 1075 2866 non

69 2899 161 2958 maria
178 2899 243 2977 plns
259 2907 398 2962 temerata
413 2897 549 2958 conferre
564 2897 735 2970 mercatori,
752 2912 809 2955 non
824 2896 851 2954 in
866 2893 993 2954 Rubrum
1009 2890 1075 2949 litus

70 2979 237 3042 Indicumue
253 2985 358 3044 mercis
374 2983 480 3060 petitas
491 2999 575 3060 quam
586 2981 719 3041 sedulum
732 2980 808 3043 ruris
823 2979 924 3039 larem.

136 3066 199 3146 (6.)
222 3067 297 3128 Viuo
317 3067 512 3146 antiquissima
528 3067 645 3126 claritas
659 3062 799 3123 llaroneo
816 3063 844 3122 in
860 3059 1000 3122 'l'braoiee
1015 3073 1072 3116 rna·
1084 3064 1119 3120 53

15 3189 31 3230 ‚
72 3150 183 3210 ultimae
203 3161 286 3230 parte
308 3151 426 3230 genito,
449 3159 482 3210 ut
499 3159 600 3210 auctor
621 3157 666 3208 est
689 3146 841 3208 Homerus.
882 3141 1075 3221 nequeenim
1144 3149 1145 3152 ’

38 3231 204 3296 itisbulosa
216 3243 265 3293 ant
279 3235 316 3296 de
333 3236 446 3312 origiue
462 3235 523 3294 eius
539 3233 619 3292 varie
635 3231 749 3310 prodita
763 3235 975 3301 consectamur,
992 3241 1075 3303 prae·

72 3325 205 3397 terquam
231 3319 395 3380 Aristaeum
422 3321 540 3396 primum
570 3317 692 3375 omniurn
720 3317 749 3374 ln
778 3312 879 3374 eadam
907 3317 994 3396 gente
1019 3305 1076 3368 mel

73 3403 225 3462 miscuisse
239 3405 326 3480 vino,
350 3405 490 3464 suavitate
506 3401 663 3478 praecipua
680 3401 827 3475 utriusque
841 3403 959 3454 naturae
971 3399 1075 3481 sponte

74 3487 283 3561 provenientis.
312 3485 479 3546 lllaroneum
500 3485 611 3544 viciens
627 3493 706 3544 tanto
729 3481 827 3541 addito
843 3495 937 3558 aquae
954 3478 1076 3538 miscen-
