2444 3908
295 209 897 298 6666166666.67-46616-66.)
1033 219 1091 280 ‘111

84 380 145 460 plra
167 385 236 439 tuuc
258 376 409 439 dicebatur
432 397 507 458 quae
529 379 574 438 bis
599 381 687 440 tincta
711 389 805 458 esset,
829 381 919 443 veluti
940 387 1122 464 magnifico

83 464 241 543 inpendio,
261 463 384 544 qualiter
402 483 477 524 nunc
492 481 592 524 omues
609 481 702 543 paene
717 467 929 527 commodiores
946 488 1093 550 purpurae

82 552 240 626 tinguntur.
1094 577 1099 590 ·

150 633 233 711 (64.)
264 631 295 694 ln
320 631 501 708 conchyliata
518 642 602 693 veste
626 642 725 694 cetera
747 633 849 696 eadem
870 637 932 696 sine
957 636 1136 714 bucino,138
1185 669 1187 674 ·

59 727 265 799 epraeterque
281 718 325 776 ius
340 726 517 796 temperatur
532 735 606 796 aqua
622 728 651 778 et
666 734 720 797 pro
739 720 862 780 indiviso
878 721 991 781 humani
1006 731 1093 800 potus

82 811 286 864 excremento.
324 801 437 862 dimidia
459 811 488 861 et
504 803 692 862 medicamina
716 803 866 865 adduntur.
904 806 946 864 sic
967 806 1094 882 gignitur

65 887 217 949 ‚laudatus
230 885 282 945 ille
297 885 393 964 pallor
405 889 554 947 saturitate
567 887 697 948 fraudata
709 897 848 968 tantoque
859 889 976 951 dilutior
985 899 1091 968 quanto

78 973 176 1049 magis
193 970 304 1031 vellera
321 972 458 1030 esuriunt.
711 995 716 1002 ¹

147 1056 198 1115 40
221 1053 317 1115 Pretia
337 1056 549 1116 medicamento
566 1067 630 1117 sunt
650 1057 765 1136 quidem
783 1075 836 1137 pro
853 1057 1003 1119 fertilitate
1025 1059 1091 1119 lito·

38 1159 145 1205 torum
161 1137 283 1214 uiliora,
299 1157 357 1198 non
372 1147 469 1200 tamen
484 1159 603 1218 usquam
621 1142 731 1221 pelagii
747 1154 886 1204 centenas
904 1142 993 1203 libras
1012 1145 1091 1222 quin·

78 1241 234 1326 quageuos
258 1240 390 1283 nummos
417 1227 564 1286 excedere
586 1235 616 1286 et
635 1226 733 1286 bucini
759 1237 900 1334 centenos
928 1229 1019 1288 sciant
1044 1230 1092 1306 qui

76 1312 136 1372 ista
153 1311 339 1368 mercantur'
331 1327 473 1368 inmenso.

145 1393 230 1472 (65.)
260 1393 318 1454 Sed
342 1394 398 1454 alia
421 1412 437 1454 e
464 1393 520 1453 line
540 1395 619 1453 initia
628 1395 797 1472 ,iuvatque
818 1395 920 1455 ludere
935 1395 1073 1474 mpendro
1083 1404 1135 1459 139

77 1487 111 1538 et
137 1477 219 1536 lusus
246 1479 394 1554 geminare
420 1478 569 1538 miscendo
595 1481 758 1556 iterumque
785 1487 813 1538 et
838 1481 902 1559 ipsa
925 1477 1090 1540 adulterare

39 1581 66 1623 ns
76 1562 223 1623 adulteria
242 1570 376 1636 naturae,
400 1563 473 1621 sicut
488 1563 650 1623 testudines
669 1565 818 1640 tinguere,
847 1573 997 1642 argentum
1020 1581 1089 1624 auro

77 1647 262 1707 confundere
281 1655 311 1705 ut
333 1646 443 1706 electra
465 1647 550 1722 liant,
580 1648 688 1708 addere
716 1648 759 1708 bis
788 1667 858 1708 aera
880 1659 910 1708 ut
931 1647 1088 1708 Corinthia.

75 1733 130 1792 41.
162 1729 227 1790 Non
252 1739 297 1791 est
321 1731 391 1790 satis
418 1731 574 1791 abstulisse
597 1749 729 1809 gemmae
756 1750 861 1793 nomen
888 1733 1088 1810 amethystum,

75 1833 193 1876 rursum
217 1813 379 1875 absolutum
403 1814 561 1877 inebriatur
587 1815 692 1894 Tyrio,
717 1815 750 1877 ut‘
769 1820 806 1878 sit
830 1836 868 1878 ex
893 1829 1017 1897 utroque
1037 1835 1088 1878 no·

75 1917 146 1962 men
168 1899 320 1979 inprobum
342 1901 484 1978 simulque
507 1901 620 1962 luxuria
642 1902 770 1981 duplex,
794 1910 908 1964 etcum
931 1903 1089 1964 coniecere

36 2005 66 2047 ao
78 1982 250 2059 conchylia,
276 1985 399 2043 transire
425 1985 528 2045 melius
555 1987 582 2044 in
610 1985 726 2062 Tyrium
746 1996 854 2064 putant.
895 1989 1070 2067 paenitentia
1082 1997 1133 2051 rto

75 2071 137 2130 hoc
162 2070 282 2146 primum
306 2068 394 2128 debet
417 2071 563 2129 invenisse
586 2072 696 2130 artifice
726 2080 851 2130 mutante
874 2073 951 2149 quod
974 2073 1087 2132 damna·

74 2155 136 2215 bot.
170 2153 235 2212 inde
257 2154 330 2214 ratio
351 2162 432 2228 nata,
454 2163 551 2218 votum
575 2171 691 2232 quoque
713 2154 820 2214 lactum
843 2173 859 2213 e
880 2156 950 2215 vitio
971 2165 1088 2234 porten-

75 2239 152 2298 tosis
170 2238 293 2315 ingeniis
318 2245 346 2297 et
367 2241 481 2314 gemina
505 2237 700 2298 demonstrata
718 2238 764 2296 via
786 2238 934 2316 luxuriae,
953 2249 983 2298 ut
1006 2239 1089 2298 color

77 2323 152 2383 alius
168 2322 333 2402 operiretur
348 2323 405 2382 alio
422 2323 541 2392 suavior
562 2323 600 2381 ita
625 2322 688 2381 lieri
709 2321 861 2400 leniorque
882 2322 984 2381 dictus.
1021 2323 1098 2400 quin·

42 2417 109 2470 met
124 2417 242 2467 terrena
257 2407 383 2466 miscere
400 2423 552 2485 coccoque
569 2408 688 2465 tinctum
705 2403 793 2480 Tyrio
806 2405 939 2484 tinguere
956 2416 987 2466 ut
1005 2407 1088 2465 lieret

76 2492 242 2570 hysginum.
274 2487 406 2551 Coccum
422 2489 551 2551 Galatiae
567 2489 675 2550 rubens
689 2507 820 2568 granum,
833 2498 862 2550 ut
878 2491 1007 2552 dicemus
1017 2489 1071 2573 {333²
1080 2501 1130 2566 141

75 2577 105 2636 in
130 2573 335 2650 terrestribus,
350 2585 410 2654 aut
435 2577 512 2635 circa
537 2573 693 2636 Emeritam
718 2573 881 2638 Lusitaniae
909 2578 938 2636 in
958 2594 1089 2637 maxuma

76 2659 165 2721 laude
180 2668 234 2720 est.
265 2677 381 2735 verum,
398 2669 428 2718 ut
446 2659 529 2720 simul
547 2669 724 2738 peragantur
737 2661 846 2720 nobilia
862 2661 1020 2741 pigmenta,
1040 2681 1087 2720 an·

78 2745 285 2822 niculo¹grano
301 2744 452 2821 languidus
464 2761 561 2820 sucus,
579 2745 654 2804 idern
670 2762 686 2803 a
702 2745 851 2824 quadrimo
869 2746 1017 2805 evanidus.
1051 2749 1088 2805 ita

43 2843 135 2890 conec
162 2829 274 2900 recenti
291 2829 387 2904 vires,
411 2847 507 2906 neque
535 2831 710 2888 senescenti.
748 2826 871 2888 Abunde
896 2838 1018 2890 tractata
1044 2837 1089 2888 est

76 2915 152 2974 ratio
169 2929 225 2991 qua
241 2931 274 2972 se
285 2913 412 2973 virorum
427 2914 504 2974 iuxta
519 2913 745 2990 feminarumque
761 2913 853 2973 iorrna
866 2916 959 2976 credit
972 2913 1086 2992 amplis·

77 2999 180 3059 simam
195 2997 267 3057 lieri.

140 3081 194 3144 42
218 3081 303 3162 (66.)
334 3080 516 3142 Concharium
538 3083 655 3159 generis
672 3090 701 3142 et
722 3082 788 3180 pina
810 3065 864 3142 est.
896 3076 1025 3142 nascitur
1039 3081 1068 3139 in
1077 3089 1128 3146 142

76 3167 190 3228 limosis
206 3165 342 3228 subrecta
361 3185 478 3245 semper
491 3185 548 3226 nec
567 3183 700 3244 umquam
716 3167 778 3226 siue
795 3169 917 3244 comite,
941 3183 1026 3244 quem
1043 3167 1084 3242 pi·

44 3265 67 3309 es
76 3252 223 3313 notheren
233 3261 350 3327 vocant,
364 3252 412 3312 alii
424 3249 667 3330 pinophylacem,
672 3251 700 3310 id
713 3260 758 3312 est
770 3252 873 3331 squilla
888 3268 987 3330 parva,
998 3246 1086 3308 aliubi

31 3391 34 3397 .
77 3354 187 3398 cancer
210 3337 293 3415 dapis
318 3297 494 3397 adsectator.
536 3336 634 3414 pandit
656 3353 688 3395 se
717 3337 784 3416 pina
808 3335 958 3396 luminibus
984 3330 1085 3392 orbum

77 3438 188 3500 corpus
202 3421 278 3480 intus
297 3423 411 3480 minutis
433 3419 562 3498 piscibus
580 3418 735 3499 praebens.
772 3421 914 3482 adsultant
934 3417 976 3478 illi
994 3417 1084 3498 proti·

76 3521 131 3564 nus
147 3514 193 3581 et,
210 3504 258 3564 ubi
273 3503 391 3566 licentia
407 3506 526 3566 audacia
543 3503 651 3584 creuit,
665 3506 776 3585 inplent
795 3522 866 3566 eam.
897 3503 955 3564 boc
972 3513 1086 3583 tempus
