2444 3908
1042 2 1119 11 *vr-r.
1138 6 1140 8 .
1175 6 1206 10 ,,..

280 197 360 246 usn.
375 199 466 246 nisu.
483 197 572 246 vnn.
590 195 709 250 lte-le.
726 187 881 267 (as-es.)
929 163 932 168 ¹
1033 187 1090 250 et

80 351 325 432 septentrionalis
337 361 443 414 tantum
458 353 512 414 bos
529 362 557 412 et
570 367 709 432 proxuma
725 353 886 414 occidentis
902 363 984 432 parte
1000 357 1092 435 gignit

82 453 226 497 oceanus.
263 447 366 497 cetero
381 456 491 516 genera
510 455 609 497 eorum
626 437 718 516 plura.
747 455 812 496 nam
833 445 862 496 et
887 439 953 516 alga
969 457 1091 500 vescun-

81 531 131 582 tur
158 530 187 580 et
205 523 312 582 ostreis
333 529 363 582 ct
382 522 450 581 limo
466 530 496 580 et
511 521 632 586 aliorum
653 522 774 600 piscium
798 537 895 582 carne.
927 522 1018 584 barba
1040 543 1091 604 ge·

81 607 161 665 mina
175 605 368 683 insigniuntur
383 606 514 666 inferiori
529 605 623 666 labro.
646 606 776 666 lutarium
792 623 829 665 ex
843 607 877 664 iis
893 606 1024 668 vilissimi
1040 627 1090 686 ge·
1100 620 1133 674 65
1212 673 1219 690 .

54 692 166 750 tueris
180 690 340 768 appellant.
373 690 449 750 bunc
463 707 579 769 semper
598 692 748 751 comitatur
763 707 866 767 sargus
886 690 1001 751 nomine
1020 693 1093 752 alius

82 776 195 854 piscis,
220 783 249 833 et
272 792 393 834 caenum
409 774 538 835 fodiente
560 792 597 834 eo
622 777 776 835 cxcitatum
804 774 926 836 devorat
944 775 1090 854 pabulum.

4 919 6 924 ,
82 875 141 918 nec
159 859 322 918 litoralibus
345 859 448 936 gratia.
480 857 668 919 laudatissimi
691 857 874 934 conchylium
897 860 1019 938 sapiunt.
1042 877 1091 921 no·

81 959 153 1002 men
173 941 217 1000 bis
242 941 411 1003 Fenestella
427 959 443 1002 a
457 943 559 1002 colore
581 944 752 1006 mulleorum
770 943 1023 1004 calciamentorum
1044 943 1091 1005 da·-

82 1037 148 1086 tum
161 1034 252 1104 putat.
285 1029 400 1106 pariunt
422 1035 468 1088 ter
484 1028 574 1088 aunis.
607 1032 690 1089 certe
709 1029 817 1088 totiens
838 1027 934 1088 fetura
960 1028 1090 1105 adparet.

46 1109 203 1173 aebutium
225 1114 421 1190 exspirantem
436 1111 610 1172 versicolori
630 1113 751 1191 quadam
774 1119 803 1171 et
824 1127 977 1172 numerosa
996 1115 1088 1173 varic·
1101 1119 1135 1176 66

82 1202 145 1254 tate
169 1197 298 1272 spectari
315 1211 456 1274 proceres
471 1196 559 1274 gulae
574 1197 705 1280 narrant,
727 1196 888 1256 rubentium
912 1211 1092 1274 squamarum

84 1279 238 1358 multiplici
259 1281 415 1340 mutatione
436 1281 663 1360 pallescentem,
686 1282 784 1360 utique
805 1281 829 1338 si
849 1282 924 1339 vitro
943 1289 1093 1358 spectetur

85 1364 227 1423 inclusus.
257 1363 295 1424 tl.
312 1364 435 1445 Apicius
450 1364 486 1425 ad
502 1381 615 1424 omnem
629 1364 726 1423 luxum
741 1365 769 1422 in
783 1379 876 1440 ganea
896 1371 980 1422 natus
1000 1367 1029 1424 in
1045 1381 1091 1423 so·

87 1451 199 1508 ciorum
214 1465 287 1526 garo
302 1481 344 1494 -
358 1467 422 1510 narn
439 1467 474 1508 ea
490 1465 608 1530 quoque
623 1467 672 1508 res
689 1463 852 1526 cognomen
866 1447 1028 1506 invenit-
1041 1465 1092 1510 ne·

46 1534 148 1592 occari
170 1548 222 1591 eos
244 1534 430 1611 praecellens
450 1533 578 1612 putavit,
600 1541 686 1612 atque
709 1533 841 1594 eiecore
864 1547 964 1592 corum
980 1533 1092 1594 elecem
1122 1599 1127 1610 ,

85 1617 259 1691 excogitare
278 1618 460 1696 prouocauit.
489 1618 518 1678 id
532 1619 606 1678 enlm
622 1627 667 1678 est
678 1617 793 1703 facilius
804 1616 913 1676 dixisse
931 1633 1015 1694 quam
1027 1617 1091 1698 quis

83 1702 200 1760 vicerit.

151 1783 235 1863 (31.)
257 1784 375 1844 Asinius
396 1784 486 1846 Celer
506 1806 522 1846 e
543 1777 743 1847 consularibus
766 1785 824 1846 boc
847 1785 928 1863 pisce
950 1784 1133 1863 prodigustt

85 1867 159 1928 Gaio
182 1869 314 1947 principe
335 1887 419 1930 unum
442 1879 589 1931 mercatus
616 1879 683 1930 octo
705 1868 820 1930 milibus
840 1885 998 1944 nummum,
1018 1885 1092 1948 quae

45 1953 232 2030 toreputatio
255 1953 350 2013 aufert
370 1963 532 2015 traversum
551 1957 672 2016 animum
698 1954 733 2014 ad
753 1952 1027 2032 contemplationem
1042 1971 1092 2012 eo·

83 2046 147 2095 rum
166 2037 215 2114 qui
237 2037 265 2096 in
291 2041 501 2116 conquestione
524 2039 610 2099 luxus
638 2055 749 2116 coquos
777 2040 833 2098 emi
852 2037 982 2114 singulos
1002 2037 1093 2115 pluris

84 2137 171 2199 quam
195 2137 287 2198 equos
310 2121 493 2201 quiritabant.
534 2132 561 2181 at
583 2139 658 2182 nunc
680 2123 746 2181 coci
768 2119 973 2198 triumphorum
991 2121 1092 2199 pretiis

83 2213 222 2284 parantur
238 2214 267 2263 et
289 2223 447 2284 coquorum
466 2203 583 2285 pisces,
606 2205 759 2282 nullusque
781 2221 874 2284 prope
888 2206 943 2263 lam
963 2204 1093 2263 mortalis

85 2295 263 2348 aestumator
284 2289 376 2368 pluris
398 2307 482 2368 quam
502 2291 550 2368 qui
566 2289 740 2368 peritissime
760 2305 877 2349 censum
899 2287 1003 2347 domini
1018 2303 1092 2346 mer—

46 2389 75 2433 aa
84 2374 138 2450 git.
176 2371 224 2432 18.
248 2371 365 2434 llullum
378 2387 475 2434 cxxx
490 2373 625 2434 librarum
640 2374 667 2430 in
683 2373 755 2431 mari
773 2369 872 2434 liubro
888 2379 1000 2450 captum
1017 2369 1089 2429 lici·
1100 2381 1135 2436 es

85 2458 150 2516 nius
166 2455 309 2516 blutianus
322 2457 459 2536 prodidit,
484 2459 580 2537 quanti
602 2465 764 2516 mercatura
784 2473 848 2517 eum
862 2454 976 2516 luxuria
991 2453 1091 2535 subur·
1159 2503 1162 2516 .

84 2541 170 2600 banis
187 2541 320 2600 litoribus
337 2539 503 2602 inventum?

149 2623 234 2704 (32.)
258 2623 311 2684 liat
328 2635 356 2685 et
377 2627 450 2686 baec
466 2637 566 2686 natura
582 2633 613 2686 ut
635 2626 684 2686 alii
696 2625 764 2686 alibi
783 2625 883 2704 pisces
903 2625 1093 2704 principatum

85 2709 246 2787 optineant,
264 2712 416 2769 coracinus
431 2711 459 2769 in
474 2711 623 2790 Aegypto,
646 2728 715 2770 neus
737 2712 813 2771 idem
828 2709 912 2770 labar
928 2707 1091 2787 appellatus

46 2804 76 2850 st
86 2791 226 2868 Gadibus,
243 2795 322 2853 circa
337 2793 465 2854 Ebusum
480 2795 573 2873 salpa,
593 2794 739 2854 obscenus
754 2794 824 2854 alibi
839 2804 868 2854 et
885 2795 934 2873 qui
956 2809 1093 2871 nusquam

83 2879 229 2956 percoqui
253 2879 347 2956 possit
368 2880 422 2939 nisi
443 2879 537 2939 lerula
557 2878 745 2953 verberatus,
768 2880 798 2938 in
824 2877 979 2957 Aquitania
1002 2876 1092 2935 salmo

84 2961 233 3022 fluviatilis
246 2965 361 3022 marinis
379 2965 510 3023 omnibus
525 2963 698 3041 praefertur.
1210 3018 1213 3024 .

150 3044 235 3125 (33.)
253 3047 376 3107 Piscium
395 3048 442 3108 alii
459 3047 611 3107 branchias
631 3047 798 3125 multiplicis
814 3047 937 3121 habent,
961 3044 1008 3104 alii
1025 3043 1089 3101 sim·
1100 3049 1135 3106 69

39 3137 51 3155 ‘
84 3129 254 3208 plicis‚alii
273 3131 406 3209 duplicis.
438 3132 483 3212 liis
501 3133 749 3208 aquamemittunt
774 3141 924 3211 acceptam
947 3145 1007 3187 ore.
1039 3127 1091 3185 Se·

45 3216 210 3274 senectutis
229 3216 362 3276 indicium
379 3233 560 3295 squamarum
575 3215 688 3291 duritia,
706 3233 780 3294 quae
805 3233 861 3275 non
878 3222 942 3274 sunt
963 3209 1092 3270 omnibus

85 3299 207 3358 similes.
232 3298 297 3358 Duo
315 3300 396 3360 lacus
413 3300 514 3361 ltaliae
530 3301 556 3359 in
575 3299 720 3358 radicibus
733 3299 848 3378 Alpium
863 3297 962 3356 Larius
979 3303 1007 3354 et
1018 3294 1091 3353 Ver·

83 3383 198 3444 bannus
213 3385 407 3462 appellantur,
427 3387 455 3445 in
472 3385 575 3466 quibus
594 3385 691 3463 pisces
708 3383 837 3442 omnibus
859 3382 938 3441 annis
954 3379 1090 3456 vergilia·

83 3485 147 3528 rum
168 3475 233 3527 ortu
250 3472 391 3540 exsistunt
406 3471 531 3549 squamis
549 3470 698 3548 conspicui
720 3468 831 3528 crebris
849 3475 935 3545 atque
952 3481 1091 3544 praeacu-

127 3573 199 3611 nnrn.
215 3575 277 3612 nnn.
294 3575 363 3614 ursa.
380 3559 412 3613 ll.
