2444 3910
268 220 348 268 unu.
366 219 456 268 ursa.
478 220 539 268 vn.
559 217 678 272 rt-rc.
696 205 845 293 (re-ao.)
1008 214 1046 276 rt

35 374 156 436 bunun
171 383 313 434 scottum.
342 375 459 435 solitum
474 383 567 434 autem
583 374 690 435 Punico
706 375 785 434 bello
797 396 813 436 o
825 377 965 452 biipbaeo
977 380 1047 441 Sici·

36 459 104 520 iiae
130 459 328 534 promontorio
351 467 475 519 exeunte
501 457 596 518 classe
622 457 836 536 eGurtbaginis
858 473 941 538 portu
964 466 1048 524 etiam

37 557 196 602 numerum
217 543 331 602 navium
353 542 461 604 dicere.
498 539 669 602 Callicrates
691 561 728 602 ex
748 543 837 604 ebore
860 546 996 606 formicas
1021 557 1049 608 et

37 625 103 686 aiio
121 633 178 684 tam
194 643 283 703 parva
299 626 368 686 iecit
384 625 513 686 animalia
531 634 560 684 ut
576 634 676 704 partes
693 643 791 686 eorum
813 646 828 686 a
846 631 951 688 ceteris
970 633 1049 691 cerni

0 743 1 756 ι
37 727 105 770 non
122 718 253 786 possent.
286 708 477 784 Myrmecides
493 709 769 788 quidamineodem
789 729 899 786 genere
915 712 1049 774 inclaruit

39 792 190 874 quadriga
206 811 243 852 ex
260 794 361 854 eadem
376 794 494 854 materia
509 810 592 871 quam
607 809 704 874 musca
726 796 869 870 integeret
886 795 938 856 alis
962 795 1047 856 fabri-

41 885 113 938 cota
130 885 160 934 et
176 893 248 936 nave
267 893 350 955 quam
370 877 483 956 apiceta
500 879 593 955 pinnis
609 877 812 938 absconderet.

113 959 164 1021 22.
189 958 273 1039 (22.)
304 961 424 1022 Auditus
435 979 518 1020 ιιιιιιιιι
532 960 694 1038 exemplum
709 962 795 1022 babet
807 961 949 1038 mirabile,
962 973 1089 1042 prae-86

40 1045 118 1106 liuor
134 1059 191 1121 quo
210 1044 330 1118 Sybaris
352 1044 449 1106 deleta
467 1053 512 1104 est
530 1062 565 1104 eo
582 1045 628 1104 die
644 1045 701 1124 quc
717 1055 829 1122 gestum
845 1056 907 1106 erat
924 1048 1048 1106 auditum

14 1127 215 1205 oOiympiae.
262 1147 325 1188 nam
355 1130 460 1190 arsacii
487 1125 648 1188 Cimbricae
680 1130 819 1189 victoriae
850 1127 1049 1210 Castoresque

14 1229 17 1233 ·
42 1211 172 1272 Romani
189 1213 238 1290 qui
254 1211 399 1274 Persicam
413 1214 563 1272 victoriam
580 1214 644 1292 ipso
659 1213 707 1272 die
724 1230 781 1291 quo
798 1215 918 1290 contigit
934 1216 1048 1274 nuncia-

42 1313 121 1354 vere
140 1297 218 1355 visus
233 1304 264 1354 et
279 1298 419 1359 numinum
435 1297 517 1357 fuere
536 1298 698 1375 praesagia.

113 1377 164 1438 23.
186 1377 269 1459 (23.)
303 1379 442 1440 Patientia
459 1382 608 1458 corporis,
626 1389 657 1440 ut
673 1389 718 1440 est
734 1379 837 1440 crebra
852 1397 917 1440 sors
933 1382 1091 1445 calami-St

42 1464 164 1537 tatium,
184 1465 329 1526 innumera
349 1465 519 1526 documenta
536 1465 667 1543 peperit,
685 1463 873 1526 clarissimum
891 1466 920 1523 iu
936 1465 1051 1525 feminis

2 1547 182 1610 aaLeuenae
199 1549 377 1622 meretricie,
399 1565 474 1626 quae
494 1558 569 1609 torta
587 1565 644 1626 nou
665 1547 799 1608 indicavit
814 1547 998 1609 Harmodium
1020 1559 1051 1608 et

44 1631 277 1708 Aristogitonem
292 1632 502 1706 tyrannicidas,
515 1633 547 1692 in
562 1634 633 1692 viris
651 1631 830 1708 Anaxarchi,
849 1635 898 1711 qui
913 1634 998 1693 simili
1012 1635 1050 1693 de

46 1733 139 1776 cause
156 1733 218 1774 cum
235 1724 418 1792 torqueretur
435 1733 602 1794 praerosam
616 1716 748 1776 dentibus
766 1716 891 1794 linguam
908 1735 1050 1794 unamque
1064 1721 1072 1776 ζ
1091 1769 1093 1774 .

45 1817 132 1877 spem
148 1799 287 1858 iudiciiin
304 1801 415 1873 tyranni
431 1817 465 1858 os
481 1802 605 1878 exspuit.
1020 1847 1023 1854 .
1167 1783 1174 1811 ⁸

111 1881 161 1942 ut.
185 1881 268 1962 (24.)
298 1881 435 1944 Memoria
447 1886 643 1944 necessarium
654 1899 784 1945 maxume
796 1885 872 1944 vitae
885 1883 991 1944 bonnm
1003 1885 1050 1942 cei
1055 1892 1093 1946 88

5 1991 36 2036 eu
46 1968 206 2047 praecipua
223 1967 310 2026 fuerit
323 1965 390 2026 baut
406 1967 492 2028 facite
509 1967 586 2030 dioto
603 1977 719 2028 cottam
734 1968 829 2029 multis
845 1969 907 2028 eius
926 1967 1054 2045 gloriam

46 2049 173 2128 adeptis.
203 2047 296 2126 Gyrns
310 2067 365 2110 rex
381 2051 511 2115 omuibus
528 2053 555 2114 in
567 2053 699 2112 exercitu
713 2069 766 2112 suo
785 2051 920 2111 militibus
936 2053 1049 2112 nomina

46 2133 184 2208 reddidit,
196 2133 226 2192 b.
240 2133 339 2212 Scipio
356 2133 466 2213 poputc
478 2135 617 2210 Romano,
631 2135 737 2196 Cineas
748 2135 829 2210 Pyrri
844 2136 923 2212 regis
936 2135 1049 2211 legatus

48 2218 163 2278 senatui
175 2226 204 2276 et
218 2219 347 2296 equestri
360 2218 452 2278 ordini
467 2217 577 2279 Romae
590 2227 710 2296 postero
723 2219 769 2278 die
782 2233 866 2295 quam
882 2217 1047 2278 advenerat.

48 2300 228 2362 Mithridates
244 2301 361 2362 duarum
377 2310 406 2360 et
421 2303 520 2379 viginti
535 2303 660 2378 gentium
674 2319 729 2360 rex
742 2300 861 2360 totidem
874 2299 977 2376 linguis
989 2301 1048 2358 iura

10 2407 38 2452 te
49 2385 136 2459 dixit,
153 2401 205 2463 pro
223 2375 356 2446 cbntione
369 2385 496 2462 singulas
511 2386 571 2446 sine
589 2387 747 2464 interprete
761 2383 883 2444 adfatus.
916 2381 1092 2447 orama-es

50 2470 103 2530 das
120 2469 232 2545 quidam
246 2471 278 2530 iu
290 2469 412 2530 Graecia
428 2485 502 2546 quae
514 2472 577 2548 quis
594 2470 726 2546 exegerit
740 2467 885 2532 volumine
900 2469 929 2530 in
946 2465 1049 2526 biblio·
1087 2471 1093 2489 “

49 2553 144 2612 tbecis
162 2552 284 2628 legentis
307 2553 393 2614 modo
415 2556 654 2632 repraesentavit.
685 2571 732 2614 ars
749 2561 899 2633 postremo
922 2558 984 2616 eius
1007 2557 1052 2617 rei

50 2636 127 2696 iacta
142 2644 171 2694 et
184 2638 296 2698 inventa
310 2646 356 2696 est
370 2655 386 2696 a
401 2638 547 2698 Simonide
562 2638 686 2713 melico,
704 2649 896 2699 consummata
912 2639 1050 2700 abdetro·

50 2719 124 2780 doro
140 2721 280 2799 Scepsio,
298 2729 328 2782 ut
342 2721 412 2782 nibii
429 2739 485 2782 non
500 2723 601 2783 iisdem
616 2723 713 2782 verbis
731 2723 903 2783 redderetur
916 2725 1051 2784 auditum.

13 2803 115 2866 aoNec
132 2803 208 2864 aliud
228 2814 273 2864 est
297 2821 389 2882 aeque
407 2805 512 2883 iragiie
535 2809 561 2866 in
581 2807 711 2882 bomine,
733 2807 896 2868 morborum
915 2817 944 2868 et
965 2815 1094 2870 casneto

51 2888 166 2948 iniuriae
181 2897 266 2967 atque
282 2891 367 2950 etiem
381 2900 472 2950 metus
489 2893 584 2965 sentit,
600 2891 672 2952 alias
686 2891 888 2969 particulatim,
904 2892 975 2952 olias
991 2893 1050 2950 uni-

50 2989 144 3032 verse.
179 2972 253 3032 ictus
276 2973 373 3050 lapide
395 2973 502 3034 oblitus
522 2975 701 3043 estlitteras
716 2983 847 3035 tautum.¹
864 2995 902 3035 ex
918 2975 1052 3054 praealto

50 3064 128 3116 tecto
144 3055 243 3134 lapsus
266 3059 363 3118 matris
385 3066 414 3116 et
429 3058 559 3118 adfinium
581 3059 864 3138 propinquorumque
883 3061 961 3136 cepit
977 3057 1050 3117 obii·

50 3141 174 3216 viouem,
191 3141 264 3210 aliua
276 3151 413 3218 aegrotus
425 3157 575 3202 servorum
588 3145 682 3218 etiam,
698 3145 744 3204 sui
755 3161 827 3204 vero
839 3144 960 3204 nominis
975 3141 1050 3200 dies·

18 3247 43 3290 ss
53 3224 112 3285 sala
124 3221 266 3294 Corvinus
283 3236 389 3286 orator.
420 3228 516 3304 itaque
533 3242 622 3304 saepe
637 3227 765 3288 deficere
781 3237 898 3306 temptat
914 3225 1053 3286 asmodi.

52 3317 124 3369 tatur
138 3309 188 3368 vei
205 3311 304 3388 quieto
322 3325 449 3388 corpore
471 3319 499 3370 et
516 3310 622 3371 valido.
656 3329 757 3372 somno
779 3328 893 3390 quoque
912 3319 1050 3388 serpente

51 3401 226 3471 amputatur,
244 3395 378 3456 utinauis
396 3412 476 3455 mens
492 3404 612 3473 quaerat
628 3394 676 3454 ubi
692 3397 810 3456 sit'loci.

110 3475 160 3536 25.
182 3475 267 3556 (25.)
299 3477 392 3538 Animi
411 3481 513 3556 vigore
536 3481 810 3558 praestantissimum
824 3477 949 3539 arbitror
968 3479 1092 3557 geni-til

92 3581 161 3619 mnu.
176 3581 239 3620 ιιιιτ.
255 3582 324 3621 nrsr.
340 3567 372 3621 lL
868 3561 888 3620 2
