2444 3908
150 161 191 228 98
345 152 348 158 '
494 163 524 212 7.
544 164 641 214 annu
663 162 814 210 sncnnnn

150 323 198 400 tis,
215 321 362 382 clavorum
378 319 546 396 caligarium
562 317 672 394 eliigie,
690 333 748 376 nec
758 315 881 394 amplius
896 331 983 394 quam
994 317 1073 380 circa
1091 335 1157 380 eun

117 423 122 433 ¹
150 423 277 468 mensem
292 406 431 464 visuntur.

87 542 91 550 .
110 500 144 554 70
214 490 260 561 19,
278 488 361 567 (34.)
378 486 495 548 Miratur
509 495 539 546 et
554 483 678 546 Arcadia
695 502 775 544 suum
792 493 966 544 exocoetum
978 483 1156 563 appellatum

152 574 188 634 ab
211 591 247 632 eo
270 571 347 651 quod
374 573 403 630 in
425 573 532 634 siccum
554 569 646 629 somni
667 585 754 628 causa
774 578 869 628 exeat.
905 570 983 628 77777
1006 565 1156 630 Clitorium

21 657 25 664 '
123 698 128 706 ·
150 657 261 717 vocalis
284 658 331 716 hic
352 655 471 714 traditur
492 663 522 716 et
543 654 605 712 siue
625 651 789 728 branchiis,
819 653 894 714 idem
917 652 1023 730 aliquis
1043 652 1178 716 Adonist

109 743 297 903 7[hafflig-5.)
313 822 428 884 Exeunt
447 823 477 898 pn
492 830 597 880 terram
622 829 651 880 et
672 821 720 899 qui
741 820 842 880 marini
858 837 955 896 mures
969 829 1114 880 vocantur
1129 829 1157 885 et

150 910 252 989 polypi
267 917 295 968 et
317 924 469 980 murenae,
493 905 561 985 quin
577 913 606 964 et
623 905 651 962 in
668 903 765 964 Indiae
786 902 947 966 huminibus
971 912 1083 964 certum
1104 924 1155 982 ge·

150 1012 203 1053 nus
223 992 354 1068 piscium,
371 1008 406 1050 ac
422 988 527 1050 deiude
544 988 646 1048 resilit.
664 991 771 1049 namin
789 997 891 1064 stagna
909 997 938 1046 et
955 989 1044 1046 amnis
1060 991 1155 1048 trans·

151 1075 236 1136 eundi
252 1074 400 1153 plerisque
418 1073 537 1135 evidens
562 1073 635 1132 ratio
659 1082 751 1134 estut
772 1081 850 1133 tutos
871 1071 948 1132 letus
964 1071 1060 1147 edant,
1088 1076 1184 1153 qutun

149 1176 207 1221 non
228 1159 283 1218 sint
298 1157 337 1217 ibi
361 1159 409 1237 qui
430 1157 573 1217 devorent
591 1166 690 1234 partus
712 1157 874 1235 ductusque
893 1158 984 1216 minus
1009 1159 1154 1218 saeviant.

151 1243 203 1304 has
220 1241 351 1320 intellegi
366 1240 403 1302 ab
420 1243 454 1300 iis
471 1260 573 1302 causas
600 1243 769 1320 servarique
791 1250 952 1318 temporum
972 1240 1047 1301 vicis
1061 1243 1155 1320 magis

149 1325 275 1403 miretur,
293 1327 396 1406 siquis
417 1335 532 1406 reputet
555 1334 643 1402 quoto
660 1327 763 1405 cuique
785 1324 928 1384 hominum
944 1325 1026 1384 nosci
1042 1323 1154 1386 uberri·
1195 1349 1196 1354 ¹
1220 1373 1221 1378 ,

148 1430 222 1475 mam
238 1429 303 1472 esse
320 1420 466 1488 capturam
482 1411 546 1470 sole
563 1419 727 1470 transeunte
743 1410 869 1487 piscium·
881 1410 1002 1484 signum.

109 1503 141 1557 ta
209 1495 258 1558 20.
279 1495 362 1573 (36.)
387 1494 559 1555 Morinorum
579 1493 627 1552 alii
653 1503 717 1554 sunt
733 1493 827 1572 plani,
853 1501 882 1552 ut
898 1491 1026 1568 rhombi,
1049 1494 1153 1554 soleae
1164 1507 1184 1550 tu

39 1605 43 1610 ·
150 1598 184 1638 77
203 1597 357 1656 passeres,
381 1580 429 1656 qui
451 1575 610 1638 arhombis
633 1579 688 1636 situ
711 1586 816 1657 tantum
834 1594 988 1654 corporum
1004 1576 1153 1654 differunt,

150 1661 252 1720 dexter
267 1662 449 1739 resupinatus
466 1669 511 1719 est
525 1660 593 1736 illis,
603 1661 716 1738 passeri
732 1661 844 1721 laevos.
874 1661 922 1720 alii
940 1660 1030 1737 longi,
1047 1671 1079 1722 ut
1095 1681 1153 1720 mu·

150 1761 229 1818 rena,
247 1761 366 1820 conger,
720 1745 723 1758 ⁸

110 1836 143 1890 73
212 1827 295 1906 (37.)
311 1826 380 1888 17177
406 1828 553 1905 pinnarum
576 1845 691 1906 quoque
713 1827 781 1888 liunt
800 1829 980 1904 discrimina,
1004 1845 1080 1906 quae
1102 1846 1152 1906 pe·

150 1911 214 1972 dum
226 1912 290 1970 vice
308 1920 372 1972 sunt
387 1911 470 1972 datae
486 1909 626 1990 piscibus,
643 1911 728 1974 nullis
745 1931 832 1991 supra
848 1921 1014 1992 quaternas,
1034 1911 1182 1991 quibus-a

149 1995 212 2054 dam
228 1994 322 2072 binae,
342 1995 444 2074 aliquis
466 1995 572 2062 nullae.
605 1997 633 2054 in
655 1994 765 2055 Fucino
784 2006 890 2056 tantum
906 1997 971 2058 lacu
994 1997 1085 2075 piscis
1110 2006 1153 2056 est

149 2080 196 2158 qui
212 2080 325 2138 octonis
342 2081 435 2158 pinnis
450 2088 537 2140 77777.
569 2079 653 2140 binae
679 2083 792 2140 omnino
810 2081 906 2157 longis
922 2091 952 2140 et
976 2079 1108 2156 lubricis,
1124 2089 1153 2139 ut

149 2163 282 2238 anguillis
299 2172 328 2223 et
343 2165 470 2240 congris,
482 2164 590 2240 nullae,
606 2173 635 2224 ut
647 2167 783 2240 murenis,
798 2164 899 2244 quibus
915 2183 970 2224 nec
983 2163 1152 2226 branchiae.

149 2247 222 2308 haec
246 2248 339 2308 omnia
363 2248 495 2308 flexuoso
519 2265 673 2327 corporum
693 2249 808 2328 inpulsu
831 2250 870 2310 ita
894 2250 964 2310 77777
986 2257 1103 2332 utuntur
1124 2255 1153 2308 ut

98 2335 102 2370 ῑ
149 2342 300 2408 serpentes
322 2340 409 2394 77777.
439 2334 466 2394 77
495 2333 574 2393 77777
596 2351 711 2412 quoque
734 2341 855 2412 repunt,
881 2333 947 2392 ideo
970 2333 1055 2392 etiam
1070 2334 1181 2391 viva-at

150 2415 228 2474 77777
243 2415 319 2476 77177.
352 2415 389 2475 Et
410 2436 426 2475 7
448 2416 540 2495 planis
563 2416 656 2495 aliqua
678 2434 736 2477 nou
755 2416 863 2477 habent
879 2418 996 2494 pinnas,
1018 2425 1048 2476 ut
1062 2417 1151 2494 pasti-

148 2515 250 2572 77777,
264 2533 303 2550 .-
318 2499 381 2575 ipsa
396 2501 471 2558 enim
483 2499 630 2559 latitudine
643 2507 749 2577 natant,
760 2534 802 2546 -
811 2510 840 2561 et
853 2519 926 2578 quae
938 2500 1036 2560 mollia
1048 2500 1152 2579 appel·

148 2579 250 2654 lentur,
260 2589 289 2640 ut
300 2581 412 2660 polypi,
423 2584 654 2662 quoniampedes
667 2585 723 2644 illis
733 2586 880 2664 pinnarum
889 2587 982 2645 vicem
991 2593 1152 2662 praestant.
1176 2649 1182 2660 ι

107 2671 142 2727 74
212 2661 262 2722 21.
280 2661 362 2743 (38.)
386 2664 540 2743 Anguillae
558 2669 670 2728 octonis
685 2670 785 2729 vivont
805 2671 894 2729 annis.
926 2670 1027 2730 durant
1042 2676 1072 2727 77
1088 2670 1152 2728 siue

148 2765 223 2825 aqua
239 2748 315 2808 senis
338 2747 441 2810 diebus
461 2752 596 2828 aquilone
614 2754 758 2830 spirante,
785 2764 883 2815 austro
901 2751 1102 2832 paucioribus.
1125 2760 1183 2814 ato

147 2832 271 2894 hiemem
287 2825 405 2896 eaedem
421 2837 455 2914 77
467 2837 572 2914 exigua
590 2854 662 2914 aqua
678 2855 735 2896 non
757 2838 891 2916 tolerant,
907 2837 1007 2900 necin
1023 2835 1150 2898 turbida.

147 2918 213 2977 ideo
230 2919 306 2978 circa
319 2920 454 2997 vergilias
471 2939 602 2980 maxume
616 2923 767 2999 capiuntur
785 2922 948 2983 lluminibus
960 2931 1019 2982 tum
1035 2923 1154 3001 praeci·-

146 3021 203 3080 pue
220 3003 368 3063 turbidis.-
387 3015 542 3082 pascuntur
568 3005 711 3066 noctibus.
741 3008 889 3066 exanimes
918 3004 1040 3086 piscium
1066 3006 1151 3067 solae

147 3103 203 3146 non
221 3086 340 3147 11777777.
835 3128 842 3140 .
967 3127 970 3138 .
1143 3136 1146 3141 .

104 3174 138 3230 75
185 3181 192 3188 ’
209 3169 258 3230 22.
282 3169 373 3230 Lacus
390 3169 550 3231 7771771777
566 3171 697 3232 Benacus
710 3176 738 3232 in
755 3173 919 3234 Veronensi
931 3190 1002 3252 agro
1013 3172 1182 3236 Mluciumtt

146 3269 256 3312 amnem
276 3255 451 3330 tramittens,
477 3254 511 3313 ad
531 3257 610 3316 cuius
633 3275 762 3318 emersus
785 3275 877 3318 annuo
900 3268 1043 3336 tempore,
1059 3257 1148 3320 Octo·

146 3332 191 3392 bri
207 3336 269 3394 lere
286 3354 395 3414 rnense,
411 3339 564 3398 antumnali
581 3341 687 3416 sidero,
704 3351 733 3399 ut
748 3341 842 3419 palam
855 3353 910 3420 est,
926 3344 1052 3402 hiemato
1070 3343 1147 3420 lacu,

36 3491 44 3496 ᾖ
147 3413 278 3476 fluctibns
296 3421 475 3500 glomeratae
493 3424 646 3484 volvontur
663 3427 811 3487 intantum
829 3426 950 3486 mirabili
966 3426 1147 3490 multitudine
