2444 3910
156 203 198 266 28
501 220 531 268 c.
549 221 645 268 rnrnn
660 219 809 268 encnnm

155 381 256 452 raptus
271 382 302 432 nt
320 374 577 452 praecipitaretur,
603 375 777 435 consolante
793 372 907 454 quidem
920 380 981 430 tam
1006 379 1181 429 nummum

156 455 206 517 illa
229 457 350 518 cohorte
374 449 449 536 q'uae
470 467 580 536 pauens
604 475 668 518 enm
688 457 870 538 appellabat,
895 456 973 530 sed,
988 463 1025 513 nt
1042 463 1182 512 necesse

156 544 256 601 eratin
271 541 382 617 subito,
398 542 480 602 tarde
495 551 525 602 et
540 551 681 621 mmquam
695 545 723 602 iu
738 543 909 619 exsequias,
926 555 995 600 cnm
1008 531 1184 596 resiste&

154 634 430 704 sacroqnesanctnm
443 625 605 704 repellendi
616 627 659 684 ine
675 643 731 684 non
745 634 837 698 esset,
855 625 968 684 virtutis
983 639 1073 682 suae
1092 630 1186 698 opem

153 720 182 770 et
200 727 344 770 censurae
357 711 514 786 periturns,
529 725 621 786 aegre
631 709 745 770 tribuno
758 711 805 786 qni
823 707 1028 766 intercederet
1047 705 1199 782 reperiat

112 803 185 858 lala
203 794 299 853 limine
315 796 381 871 ipsu
396 794 497 850 mortis
512 802 677 868 revocatus,
694 793 789 853 alieno
800 791 944 852 beneflcio
958 798 1083 868 pastea
1100 783 1186 857 vixi,

134 879 236 938 ·lronis
251 876 318 935 inde
333 876 420 935 etiam
435 879 615 936 consecratis
632 893 648 937 a
664 877 795 936 damnato
811 891 880 952 sno,
896 883 1052 952 tamqnam
1074 883 1186 952 paren

33 1018 37 1037 ,
152 970 233 1022 esset
249 959 373 1018 ianeinm
392 967 474 1018 certe
492 961 658 1020 intonatum
672 960 866 1039 expressione
878 958 1033 1038 peranxia
1053 953 1184 1031 sangui

152 1048 196 1104 nis
216 1059 311 1120 poena
333 1041 447 1102 exacli.
482 1044 616 1121 equidem
638 1053 666 1103 et
686 1045 815 1104 Africani
841 1043 990 1121 sequentis
1016 1042 1185 1100 mimum

152 1129 259 1199 luisse,
276 1126 538 1186 iutereulamitatis
552 1127 697 1206 duxerim,
719 1129 784 1206 ipso
801 1125 1130 1198 testollacedonico,
1148 1121 1183 1179 si·
1204 1130 1205 1133 ’

152 1209 268 1289 quidem
292 1208 392 1267 liberis
413 1209 502 1268 dixit:
526 1213 575 1270 ite
597 1211 689 1286 lilii,
712 1211 905 1271 celebrate
928 1209 1182 1286 exsequias,

151 1311 338 1372 numquam
355 1294 448 1352 civis
465 1295 936 1356 maiorisinnnsvidebitis.
960 1293 1078 1352 etlroc
1093 1291 1181 1350 nice

111 1388 158 1442 145
169 1377 218 1438 bat
229 1378 285 1436 ium
295 1376 455 1452 Baliaricis,
468 1377 659 1454 Diadematis,
673 1381 727 1438 iam
741 1378 946 1438 llacedonicns
957 1379 1043 1454 ipse.
1071 1385 1182 1433 rernm

151 1471 180 1522 nt
197 1461 247 1520 illa
265 1461 329 1520 sola
345 1461 445 1518 iniuria
459 1471 651 1537 aestumetur,
668 1465 731 1540 quis
747 1462 822 1522 lrunc
838 1463 901 1521 inre
915 1461 1043 1519 felicem
1064 1455 1182 1518 amerit

149 1544 343 1624 periclitatum
356 1543 392 1602 ad
406 1543 552 1604 libidinem
565 1547 680 1620 inimici,
697 1563 751 1605 nec
764 1547 894 1605 Africani
907 1545 1025 1618 saitem,
1045 1533 1181 1620 perire?
1201 1562 1207 1571 ¹

150 1645 224 1706 quos
242 1627 334 1685 hostis
345 1627 454 1686 vicisse
468 1631 538 1686 tanti
550 1626 624 1687 init?
637 1639 685 1688 ant
699 1647 773 1707 qnos
784 1647 841 1688 non
855 1629 983 1688 honores
996 1637 1179 1702 currusque

149 1712 198 1770 illa
210 1711 410 1769 suaviolentia
426 1711 541 1772 iortnna
553 1715 704 1789 retrcegit,
717 1731 771 1791 per
780 1713 904 1772 mediam
918 1711 1024 1770 arbem
1038 1721 1179 1768 censore

148 1803 242 1854 macto
258 1794 421 1852 -etenim
437 1795 501 1855 sola
514 1794 587 1854 haec
601 1797 730 1855 morandi
745 1799 818 1856 ratio
836 1797 944 1869 inerat,
964 1827 1009 1839 -
1022 1787 1178 1852 tractciu

150 1877 324 1954 Capitolium
344 1876 415 1936 illud
438 1879 467 1935 in
491 1894 548 1956 quo
566 1880 740 1956 triumphans
760 1882 824 1957 ipse
847 1881 967 1939 deornm
992 1878 1178 1935 esuriisse

10 2019 13 2026 ,
110 1970 158 2024 146
168 1962 300 2038 captivus
322 1959 438 2038 quidem
460 1961 503 2019 sic
523 1961 673 2021 traxerat?
707 1965 797 2022 mains
818 1963 875 2023 hcc
897 1961 997 2022 scelus
1018 1959 1205 2018 felicissima

150 2053 308 2104 consecuta
327 2043 512 2117 factumest,
530 2043 693 2121 periclitato
709 2046 900 2106 llacedonicc
917 2045 966 2104 vel
989 2043 1088 2102 innns
1111 2051 1177 2099 tan-

147 2137 205 2187 tum
220 2145 255 2187 ac
270 2128 330 2187 tale
344 2127 482 2204 perdere,
498 2130 526 2186 in
539 2143 597 2205 qno
611 2145 628 2186 a
642 2129 862 2206 triumphalibus
878 2129 978 2188 liberis
991 2133 1179 2205 portaretur

147 2215 176 2271 in
191 2229 293 2289 rogum
309 2212 390 2272 velut
406 2213 556 2288 exsequiis
572 2227 688 2288 qnoque
705 2213 891 2290 triumphans.
927 2211 1018 2270 nulla'
1031 2219 1086 2268 est
1104 2223 1176 2286 pro·

121 2347 124 2360 .
146 2298 226 2356 iectu
243 2295 337 2356 solida
351 2295 480 2354 felicitas
495 2311 579 2374 qnam
596 2295 767 2354 contumelia
790 2296 849 2355 nlla
865 2297 944 2354 vitae
966 2294 1105 2370 rumpit,
1120 2307 1175 2348 ne·

145 2380 212 2438 dnm
227 2379 315 2438 tanta'.
345 2380 423 2456 qnod
442 2387 595 2456 superest,
612 2380 711 2436 nescio
727 2392 838 2437 morum
852 2379 968 2455 gloriae
980 2395 1019 2436 an
1032 2376 1203 2452 indigna-tt
1221 2422 1222 2427 ,

146 2465 232 2520 tioms
254 2463 350 2519 dolori
372 2462 509 2532 accedat,
535 2463 612 2518 inter
634 2469 678 2518 tot
693 2459 831 2520 metellos
847 2471 906 2521 tam
925 2461 1117 2520 sceleratam
1141 2453 1172 2517 G.

147 2541 237 2600 Attini
252 2543 400 2601 audaciam
417 2559 534 2617 semper
549 2542 641 2600 inisse
659 2544 784 2602 inultam.

105 2631 156 2686 147
209 2626 260 2681 45.
286 2623 370 2700 (lo.)
402 2622 434 2680 ln
449 2623 516 2680 divo
532 2639 649 2700 quoqne
663 2625 814 2702 Angusto,
830 2643 917 2704 quem
933 2629 1082 2690 universa
1095 2637 1173 2684 mor·

146 2706 242 2766 talitas
265 2707 293 2762 in
315 2705 370 2764 hae
398 2721 521 2764 censura
544 2715 706 2784 nuncupet,
734 2709 758 2766 si
782 2709 938 2786 diligenter
960 2717 1175 2769 aemulentur

146 2797 267 2860 cuncta,
285 2803 386 2862 magna
404 2789 491 2846 sortis
507 2787 648 2852 humanae
664 2793 846 2866 reperiantur
856 2791 1025 2851 volumina:
1045 2791 1203 2870 repulsas

144 2877 173 2934 in
194 2871 371 2948 magisterio·
385 2873 513 2947 equitnm
534 2870 610 2948 apnd
630 2873 801 2939 avunculum
817 2883 847 2933 et
865 2883 967 2934 eontra
989 2875 1173 2953 petitionem
1221 2921 1222 2928 ,

145 2960 208 3018 eins
230 2953 379 3032 praelatus
400 2952 542 3030 Lepidus,
565 2957 788 3031 proscriptionis
805 2957 926 3032 inuidia,
950 2959 1127 3035 collegium
1147 2959 1175 3015 m

144 3040 325 3102 triumviratu
349 3037 543 3112 pessimorum
565 3037 684 3110 civium,
705 3053 760 3095 nee
777 3055 872 3116 aequa
887 3040 995 3100 saltem
1013 3043 1173 3122 portione,

102 3127 214 3188 liesed
231 3119 388 3202 praegravi
403 3115 540 3178 Antonio.
567 3118 745 3194 Philippensi
760 3123 876 3196 proelio
890 3123 1131 3202 morbidi'inga,
1147 3129 1176 3182 et

143 3211 240 3270 induo
257 3209 288 3265 in
301 3199 410 3281 palude
424 3203 538 3276 aegroti
553 3210 584 3259 et
597 3202 644 3277 (nt
658 3201 783 3259 latentur
795 3203 928 3282 Agrippa
943 3213 975 3264 et
984 3203 1203 3285 inessemus

143 3311 218 3370 aqna
240 3289 343 3350 subter
364 3289 459 3342 cutem
477 3283 539 3341 insa
558 3283 666 3359 turgidi
686 3282 812 3359 latebra,
834 3287 987 3364 nauiragia
1012 3289 1127 3354 Sicula
1148 3298 1176 3349 dt

142 3375 198 3433 alia
220 3376 261 3433 ibi
287 3379 407 3450 quoque
429 3366 457 3422 ln
482 3366 624 3442 spelunca
645 3365 811 3424 peculialio.
843 3373 900 3429 iam
920 3373 952 3428 in
972 3374 1083 3432 navali
1104 3375 1175 3451 luga

39 3489 44 3532 5
141 3467 287 3530 urguente
308 3451 433 3512 hostium
459 3465 542 3505 menn
568 3463 675 3525 preces
703 3445 856 3509 Proculeio
881 3455 985 3512 mortis
1014 3457 1173 3531 admotae,
