2444 3908
200 185 241 248 80
547 199 576 248 o.
593 201 689 248 rn1n1
705 201 854 248 snouuor

201 367 264 418 rent
286 376 342 430 nec
362 357 624 436 reciprocationem
650 356 798 434 longitudo
816 359 852 416 'in
876 355 1009 417 exilitate
1027 375 1120 431 caeca,
1136 360 1170 414 tot·

202 452 284 502 rente
299 441 399 522 rapido
408 443 558 501 minaciter
567 439 787 515 subterfluente,
797 441 917 501 alteram
927 441 1107 502 decubuisse
1117 449 1172 516 atqu

157 529 255 590 tutita
272 527 392 604 alteram
410 525 599 604 proculcatae
617 541 848 603 supergressam.
874 523 960 585 liaris
974 523 1065 604 quam
1076 537 1173 584 mamni

202 613 306 686 simos,
323 611 420 687 longis
442 609 557 670 auribus
577 609 783 687 infractisque,
810 611 894 668 armis
910 627 997 688 mam
1013 605 1174 669 villosissimis

155 731 160 745 ·
199 695 331 774 probant.
370 696 538 754 feminarum
559 694 764 769 generositatis
792 695 902 769 insigne
926 693 1055 752 laciniae
1078 689 1185 769 corpori-t

199 777 252 840 bus
270 799 285 840 a
302 781 420 838 cervice
436 777 521 838 binae
537 775 747 855 dependentes.
779 775 845 836 Non
865 778 998 838 omnibns
1019 786 1132 848 cornia,
1145 767 1174 832 sel

199 863 304 944 quibus
319 871 394 936 sunt,
419 863 447 919 in
461 861 505 920 bis
521 870 550 920 et
566 861 669 920 indicia
691 878 828 920 annorum
844 879 897 940 per
917 864 1101 922 incrementa
1114 857 1174 918 nodo

198 966 270 1008 rum.
298 946 402 1005 mutilis
421 944 504 1004 lactis
519 946 609 1004 maior
626 945 753 1005 ubertas.
784 945 901 1005 auribus
925 965 975 1006 eas
1002 948 1125 1026 spirare,
1142 955 1174 1000 nu

198 1030 331 1104 naribus,
363 1047 419 1088 nec
439 1047 571 1107 umquam
596 1029 670 1088 febri
701 1048 803 1088 carere
823 1028 986 1090 Archelaus
1016 1040 1118 1090 auctor
1141 1031 1174 1084 est

199 1114 267 1174 ideo
285 1114 419 1174 fortassis
437 1115 528 1174 anima
545 1114 589 1182 bis
606 1131 689 1191 qnam
706 1114 808 1174 ovibus
825 1114 971 1174 ardentior
988 1110 1187 1188 calidioresque!

96 1209 100 1219 “
132 1221 135 1228 ·
156 1208 208 1263 203
216 1197 396 1258 concubitus.
428 1197 552 1258 Tradunt
575 1207 604 1256 et
623 1207 710 1258 noctu
726 1215 783 1257 non
805 1201 896 1257 minus
917 1217 1047 1258 cernere
1070 1193 1173 1276 quamin-

199 1283 302 1344 terdin.
327 1282 404 1357 ideo,
416 1284 440 1340 si
452 1283 598 1361 caprinum
609 1284 690 1342 iecur
703 1291 868 1357 vescantur,
878 1285 991 1343 restitui
1008 1280 1174 1361 vesperum

198 1367 291 1428 aciem
306 1367 350 1428 bis
367 1382 440 1445 quos
455 1367 627 1445 nyctalopas
643 1375 757 1426 vocant.
790 1369 818 1426 in
835 1364 935 1426 Cilicia
951 1369 1094 1447 circaque
1110 1361 1173 1436 Syrti

198 1452 268 1512 villo
293 1451 390 1512 tonsili
411 1452 580 1511 vestiuntur.
613 1468 717 1528 capras
741 1452 768 1509 in
800 1468 937 1511 occasum
959 1452 1071 1512 declivi
1092 1443 1174 1508 soleit

80 1610 90 1616 α
199 1537 315 1614 pascuis
336 1544 443 1611 negant
466 1536 596 1594 contueri
617 1536 691 1594 inter
713 1553 779 1594 sese
797 1535 849 1595 sed
869 1551 990 1595 aversas
1005 1539 1115 1607 iacere,
1130 1525 1185 1588 rclit

200 1621 263 1696 quis
285 1628 379 1678 autem
402 1619 482 1678 horis
505 1619 643 1679 adversas
669 1627 698 1678 et
723 1621 796 1679 inter
812 1622 1013 1697 cognationes.
1051 1611 1172 1694 Depenlti

94 1720 100 1724 ·
155 1704 338 1766 nosomnium
355 1712 449 1761 mento
465 1703 550 1762 villus
565 1722 650 1782 quem
664 1721 800 1763 aruncum
814 1713 928 1764 vocant.
960 1705 1019 1765 lrcc
1037 1707 1063 1764 si
1079 1693 1172 1780 quisd·

199 1786 374 1865 prehensam
391 1804 428 1844 ex
439 1805 531 1862 grege
546 1805 628 1846 unam
640 1787 743 1862 trabat,
760 1797 877 1848 ceterae
893 1797 1048 1868 stupentes
1062 1784 1170 1864 spectati

197 1870 227 1930 id
243 1871 327 1929 etiam
344 1871 472 1944 evenire,
492 1887 553 1928 cum
569 1871 707 1948 quandam
724 1869 843 1932 herbam
859 1872 954 1952 aliqua
971 1892 1009 1934 ex
1025 1874 1070 1934 eis
1080 1877 1170 1928 monti·

105 1965 116 1974 “
199 1955 283 2014 derit.
321 1953 434 2014 Morsus
451 1973 547 2013 earum
566 1954 662 2014 arbori
678 1957 813 2018 exitialis.
840 1957 945 2016 olivam
959 1954 1112 2018 lambendo
1125 1945 1183 2026 qut·

200 2057 256 2118 que
269 2038 400 2102 sterilem
407 2039 523 2113 faciunt,
535 2057 628 2117 eaque
641 2057 679 2098 ex
691 2057 778 2100 causa
790 2040 937 2100 llinervao
948 2059 1007 2101 non
1018 2038 1169 2100 inmolantnt.

156 2133 208 2186 205
278 2123 327 2183 51.
345 2123 429 2202 (77.)
453 2123 535 2184 Suilli
553 2126 670 2201 pecoris
693 2124 850 2183 admissura
871 2143 886 2184 a
914 2125 1031 2186 favonio
1054 2123 1089 2184 ad
1102 2111 1169 2207 aequi·

197 2209 322 2269 noctium
343 2225 477 2283 vernum,
507 2216 586 2268 aetas
616 2217 850 2285 oetavo'mense,
877 2209 1046 2287 quibusdam
1073 2201 1170 2265 inloto

198 2295 283 2354 etiam
310 2303 430 2372 quarto,
455 2311 547 2372 usque
571 2292 606 2351 ad
627 2301 761 2352 octavam
782 2299 898 2353 annum}
926 2303 1026 2371 partus
1049 2293 1092 2352 bis
1113 2290 1169 2374 aaut

197 2387 311 2456 tempus
335 2387 417 2438 utero
442 2385 575 2454 quattuor
595 2393 740 2452 mensum,
769 2393 903 2436 numerus
923 2375 1092 2438 fecunditati
1106 2365 1184 2430 aditl

199 2478 305 2534 cenos,
333 2461 384 2520 sed
410 2461 537 2520 educare
570 2469 716 2537 nequeunt
736 2470 793 2520 tam
817 2462 933 2521 multos.
967 2462 1072 2522 diebus
1098 2454 1170 2515 decet

199 2544 277 2602 circa
298 2541 426 2602 brumam
448 2543 542 2602 statim
564 2543 696 2604 dentatos
714 2547 794 2604 nasci
808 2543 938 2622 Nigidius
960 2546 1056 2606 tradit.
1089 2533 1168 2624 inplet

198 2633 242 2682 tur
253 2640 310 2683 uno
325 2627 413 2700 coitu,
432 2627 480 2704 qui
496 2636 525 2685 ct
540 2628 699 2703 geminatur
715 2639 837 2707 propter
853 2629 1022 2690 facilitatem
1038 2612 1169 2708 aborienlj·

198 2709 372 2784 remedium,
390 2728 440 2768 ‚ne
461 2712 551 2789 prima
574 2710 724 2772 subatione
746 2731 841 2792 neque
869 2723 934 2773 ante
960 2713 1096 2774 flaccidas
1116 2709 1168 2763 etii

155 2793 306 2856 noooottus
331 2792 389 2870 liat.
422 2813 517 2854 mares
545 2811 602 2854 non
630 2796 701 2856 ultra
724 2800 865 2857 trimatum
890 2809 1041 2874 generant.
1075 2777 1185 2854 farcinati

199 2885 350 2936 senectute
373 2878 471 2940 fessae
496 2881 636 2940 cubantes
666 2891 780 2942 coeunt.
817 2893 952 2942 comesse
973 2882 1051 2942 fetus
1072 2879 1112 2940 bis
1132 2877 1169 2926 rou

198 2972 242 3022 est
259 2961 431 3040 prodigium.
459 2966 518 3024 suis
533 2965 608 3024 fetus
627 2966 771 3026 sacrificio
788 2967 834 3027 die
850 2969 949 3045 quinto
967 2983 1056 3046 purus
1072 2968 1122 3033 est,
1137 2961 1168 3044 pf

198 3049 275 3106 coris
291 3044 337 3106 die
364 3056 512 3125 septumo,
531 3049 615 3108 bovis
631 3051 788 3110 tricesimo.
825 3049 1022 3111 Coruncanius
1052 3032 1169 3110 ruminali

195 3130 306 3190 hostias
328 3131 422 3191 donec
448 3132 579 3194 bidentes
605 3134 708 3195 fierent
734 3153 820 3214 puras
844 3137 969 3213 negarit.
1010 3135 1084 3195 Sues
1106 3114 1185 3210 omn

198 3217 303 3274 amisso
329 3225 427 3294 putant
449 3218 506 3276 cito
531 3221 690 3296 exstingui,
708 3220 815 3300 alioqui
836 3222 894 3278 vita
915 3218 949 3279 ad
973 3203 1187 3298 quindenatii

196 3315 265 3375 nos,
290 3297 458 3379 quibusdam
480 3311 509 3361 et
531 3306 662 3376 'poenos
695 3322 795 3363 verum
810 3303 983 3380 efferantur,
1000 3307 1036 3364 ”et
1059 3283 1167 3362 altasol·

155 3387 330 3444 notuoxtum
347 3405 439 3463 genus
462 3387 587 3464 morbis,
602 3391 729 3465 *anginae
746 3405 876 3448 maxume
894 3398 922 3448 et
942 3397 1075 3448 strumae.
1106 3369 1169 3439 tutu

92 3536 95 3548 1
199 3462 257 3522 suis
278 3469 419 3532 invalidae
442 3490 528 3532 cruor
551 3474 580 3531 in
601 3473 699 3534 radice
722 3481 831 3532 saetae·
845 3474 933 3533 dorso
951 3467 1085 3546 evolsae,
1106 3456 1167 3535 ‘illl‘
