2482 3910
168 179 232 244 tto
495 186 526 234 c.
545 187 641 234 uuum
657 185 807 236 succum

168 345 303 423 rogerie,
321 343 423 406 colore
444 341 519 406 rulo.
558 340 684 402 aecnuda
708 340 822 402 bonitas
847 341 974 419 pallido,
996 340 1178 404 herbaceum

168 431 268 508 peine,
295 444 519 506 consumuntque
546 423 713 500 candidum,
738 424 816 505 quod
841 434 871 486 et
895 435 1039 488 vetustate
1065 429 1176 488 evenit

126 523 161 578 49
171 513 294 592 premam
315 530 390 574 uvae
408 512 436 574 in
451 510 542 572 libras
556 508 585 570 X
598 523 657 586 Lx,
673 510 760 572 friato
776 527 848 574 vero
863 527 978 572 amomo
993 509 1021 568 X
1035 525 1176 572 xmwm.

168 598 296 666 nascitur
314 605 346 656 et
360 598 389 656 iu
404 595 561 658 Armeniae
577 602 661 673 parte
674 611 750 673 qnae
767 604 890 656 vocatur
905 593 999 656 Otene
1017 604 1048 654 et
1063 597 1096 656 iu
1117 595 1176 656 lle

167 681 215 743 dia
234 690 264 742 et
283 682 312 740 iu
328 680 431 742 Ponto.
461 678 639 742 adulteratur
658 679 737 740 loliis
752 679 866 742 Punicis
887 689 917 740 et
932 679 1035 742 cummi
1050 679 1198 758 liquidnm

126 783 130 788 ·
168 775 199 826 ut
220 765 379 826 cohaereat
400 762 615 840 convolvatque
637 781 672 823 ee
688 765 716 823 in
731 781 805 825 uvae
821 764 945 826 modum.
981 763 1035 825 Eut
1051 773 1085 822 et
1102 781 1176 843 quae

167 859 290 912 vocatur
312 849 449 923 amonuit,
470 849 562 908 minna
581 865 692 908 reuoea
711 858 797 928 atque
818 848 917 909 durior
932 865 969 910 ac
981 847 1078 909 miuus
1106 849 1175 910 odo·

167 943 245 1009 rata,
261 951 321 1012 qno
337 932 458 1011 adparet
474 941 521 993 aut
535 931 611 992 alind
627 951 696 994 esee
710 941 758 994 aut
775 932 875 1010 colligi
890 934 1071 994 inmaturum.

53 1050 58 1058 ·
124 1029 160 1082 50
234 1017 318 1096 (29.)
341 1016 440 1078 Simile
463 1016 508 1078 lnie
529 1024 559 1077 et
578 1017 694 1078 nomine
713 1025 742 1076 et
754 1017 860 1078 frutice
874 1016 1110 1092 cardamomum,
1133 1033 1176 1077 ee

58 1154 67 1164 .
167 1102 243 1162 mine
269 1099 408 1178 oblongo.
450 1101 566 1162 metitur
592 1101 695 1162 eodem
713 1101 802 1162 modo
825 1102 854 1160 iu
873 1099 993 1162 Arabia.
1037 1109 1201 1178 quattuorn

166 1187 231 1246 eius
243 1202 369 1263 genera:
387 1185 634 1260 viridissimorum
649 1187 766 1264 pingue,
780 1186 872 1246 acutia
887 1185 1001 1261 augulis
1016 1193 1177 1246 contumax

166 1268 280 1346 omno,
295 1269 372 1349 qnod
392 1286 524 1331 maxume
540 1270 686 1345 laudator,
705 1286 874 1349 proxumum
888 1288 905 1330 e
922 1268 987 1330 rulo
999 1268 1175 1342 caudicem,

166 1357 281 1417 tertium
300 1353 418 1415 brevius
439 1364 526 1434 atque
547 1355 674 1431 nigrino,
696 1354 781 1433 peine
802 1363 897 1416 tamea
911 1353 1022 1416 varium
1037 1361 1068 1412 et
1087 1351 1175 1414 facile

166 1439 234 1501 tritu
249 1439 408 1517 odorisque
423 1439 522 1516 parvi,
538 1441 587 1517 qni
600 1455 673 1498 vero
686 1447 770 1498 coeto
784 1439 895 1500 viciant
907 1453 975 1498 eote
988 1435 1091 1500 debet.
1121 1435 1175 1496 lroc

165 1531 197 1584 et
212 1523 288 1600 apud
301 1521 405 1582 Medos
421 1523 558 1584 nascitur.
590 1523 714 1600 pretium
729 1524 839 1601 optumi
855 1523 884 1582 in
899 1521 989 1582 librae
1004 1519 1033 1580 X
1046 1534 1103 1580 111.
1182 1537 1200 1582 tt

124 1616 157 1669 ol
235 1607 318 1684 (30.)
343 1604 530 1668 cinnamomo
544 1623 685 1685 proxuma
700 1607 848 1684 gentilitas
866 1613 944 1680 erat,
959 1606 988 1664 ui
1002 1606 1085 1682 priua
1102 1604 1173 1665 Arc

167 1689 233 1749 biae
247 1689 360 1750 divitiae
377 1690 496 1750 iudicari
510 1693 680 1751 conveniret
693 1707 854 1769 causasque
867 1707 943 1769 quae
955 1705 1126 1766 cognomen
1134 1687 1173 1748 illi
1205 1711 1207 1718 ·

166 1771 542 1834 felicieacbeataededere.
558 1774 903 1854 Principaliaergoicilla
913 1782 1055 1851 taeatqne
1064 1788 1171 1858 murra

105 1871 108 1880 ’
166 1858 241 1918 haec
259 1866 288 1918 et
306 1873 369 1917 cum
385 1857 562 1934 Trogodytis
578 1860 751 1935 communie,
767 1861 816 1924 14.
831 1868 894 1920 turn
908 1855 1172 1936 pruemudraoiuu

84 1973 86 1980 1
124 1940 265 2017 eurulis,
282 1956 317 2001 ac
334 1939 511 2002 ceduallae
528 1942 642 2020 quidem
660 1945 823 2004 uuirereae.
858 1942 889 2004 lu
908 1943 1005 2002 medio
1024 1941 1091 2003 eins
1108 1939 1198 2000 ierem

38 2019 41 2030 ’
166 2025 407 2102 επηῑΑιτιηιίιιο,
420 2025 1169 2108 pugnusabaeorum,capitoregniSaltutaiumoute

166 2111 306 2192 excelso,
328 2127 417 2190 aquo
433 2120 503 2172 octo
519 2112 713 2174 mansionibus
731 2111 817 2174 dietat
830 2111 915 2188 regio
932 2127 1033 2176 eorum
1049 2109 1170 2170 turifera

165 2194 242 2256 Saba
253 2195 514 2276 appellatae-hoc
529 2196 693 2274 siguificare
710 2195 814 2257 Graeci
825 2195 992 2272 mysterium
1006 2193 1105 2254 dicunt
1119 2225 1169 2252 -.

166 2288 281 2358 spectat
295 2289 375 2341 ortuo
395 2281 468 2342 eollo
487 2281 607 2356 aestivi,
629 2281 755 2358 nudique
771 2278 998 2358 multesima,
1016 2286 1081 2342 eta
1100 2277 1170 2336 deu·

164 2372 228 2424 tera
249 2366 319 2424 mari
338 2365 469 2444 scopulis
488 2365 651 2425 inaccesso.
683 2364 712 2424 id
727 2363 820 2425 solum
837 2383 854 2422 e
870 2362 958 2423 rubro
973 2361 1100 2421 lacteum
1113 2369 1198 2424 tra-at

124 2446 250 2510 caditur.
283 2448 419 2508 silvarum
435 2448 585 2524 longitudo
601 2459 647 2508 est
660 2448 782 2510 schoeni
803 2462 866 2523 xx,
888 2446 1009 2508 latitudo
1025 2445 1170 2506 dimidium

166 2529 742 2608 eine-echoeunapatetllratoetlreuie
754 2529 1168 2604 rutinuuumdtexu,luuceet

166 2620 302 2690 passuum
312 2627 335 2674 v
344 2613 384 2690 ll,
397 2613 485 2695 aliqui
496 2617 697 2680 xxxnetadia
712 2617 833 2694 siugulis
845 2616 983 2692 achocnie
998 2613 1168 2675 dedere.-

166 2694 334 2756 attolluutnr
360 2699 453 2761 collee
487 2699 552 2775 alti,
577 2701 794 2781 decurruntque
821 2710 850 2762 et
876 2701 905 2761 iu
933 2699 1018 2778 plana
1047 2697 1168 2760 arborea

166 2785 271 2859 sponte
286 2789 380 2842 natae.
413 2793 520 2846 terram
530 2785 696 2862 argillosam
708 2803 777 2846 eece
791 2785 937 2860 convenit,
952 2785 1025 2845 raris
1041 2781 1197 2845 laudiceae

123 2873 202 2928 54ac
216 2865 343 2926 uitroaie.
377 2866 527 2948 Attirrguut
542 2878 572 2930 et
587 2867 708 2946 lliuaei,
724 2887 816 2949 pagna
833 2869 922 2945 aliae,
940 2887 993 2947 per
1007 2883 1084 2946 quoa
1102 2885 1167 2931 cae·

164 2949 242 3010 luitur
256 2965 313 3010 nuo
328 2952 441 3013 tramite
455 2963 588 3031 augumo.
607 2954 649 3014 lui
664 2956 747 3034 primi
759 2954 963 3018 commercium
977 2953 1048 3010 turis
1066 2950 1167 3014 iecere

164 3051 358 3114 maxumeque
370 3047 528 3113 exercent,
544 3055 561 3100 a
576 3037 681 3117 quibus
694 3047 725 3098 ct
738 3037 881 3102 lliuacam
897 3037 1004 3097 dictum
1020 3045 1077 3094 cet.
1115 3053 1167 3100 nce

165 3129 320 3196 praeterea
344 3119 472 3181 Arabum
495 3122 544 3182 alii
563 3124 635 3184 turie
656 3122 793 3184 arborem
814 3123 928 3196 vident,
948 3138 985 3183 ac
1004 3135 1041 3181 ae
1066 3119 1167 3181 ouran

165 3203 280 3280 quidem
302 3221 420 3279 omncs,
448 3204 602 3284 teruntque
623 3219 666 3266 111
687 3205 791 3268 lluou
813 3205 935 3285 ampline
958 3221 1027 3267 etse
1047 3203 1197 3265 familia-aa

165 3303 227 3348 raru
244 3304 320 3367 quae
337 3289 449 3367 iuuper
470 3292 676 3352 eoncessiones
696 3292 727 3354 id
746 3290 801 3351 eilri
816 3290 988 3364 vindiceutg
999 3305 1103 3348 eaoroe
1117 3303 1164 3348 re

165 3371 225 3428 uari
246 3371 284 3430 ob
301 3372 346 3448 id,
363 3389 419 3434 mec
441 3373 501 3435 nllo
519 3391 680 3451 congressu
697 3375 866 3436 feminarum
878 3373 1089 3450 lacerumque,
1105 3389 1166 3435 caat

163 3450 293 3514 lucidant
304 3473 354 3516 eae
369 3457 491 3520 arborea
509 3467 693 3536 automatum,
706 3457 818 3538 pollui,
834 3467 922 3537 atque
942 3459 982 3524 ita
995 3457 1165 3533 religionem
