2482 3910
182 177 241 242 148
522 187 830 242 c.rnm1sncuun1

180 344 374 406 succedentes
395 347 424 406 in
439 345 549 419 vicem,
572 342 726 423 etreliqua
741 343 819 406 istac
836 361 917 404 more
933 343 1073 406 iacientes
1089 342 1173 402 absti-

180 438 339 508 nentesque
360 447 395 490 se
418 438 511 490 cantu.
559 428 654 506 Super
675 429 767 488 onmia
789 436 834 487 est
848 437 962 491 nuatum
978 428 1040 488 ouis
1056 427 1173 487 subditis

181 521 266 590 atque
275 515 402 576 exclusis
414 513 574 586 admiratio,
592 513 682 590 prima
693 529 751 572 uon
762 512 848 591 plane
860 511 1064 589 adgnoscentis
1077 511 1174 586 letum,

180 613 248 658 mox
261 599 363 658 incerti
379 597 519 674 singultus
534 595 660 656 sollicite
673 597 871 672 convocantis,
887 605 1035 675 postremo
1054 595 1176 654 lamenta

181 681 258 742 circa
274 683 403 760 piscinae
419 691 521 758 stagna
536 678 732 756 mergentibus
748 698 780 738 se
798 680 885 758 pullis
899 689 999 740 natura
1013 675 1098 738 duce.
1187 705 1198 740 s

138 774 189 828 156
253 765 303 828 56.
324 767 409 843 (77.)
426 763 600 824 Gallicarum
611 765 792 839 generositas
805 773 953 842 spectatur
965 763 1054 822 crista
1068 771 1174 836 erecta,

181 850 292 910 iuterim
309 859 345 924 et,
359 849 490 924 gemina,
512 847 605 924 pinnis
619 847 726 924 nigris,
750 864 801 907 ore
823 847 999 921 rubicundo,
1021 845 1119 922 digitis
1138 847 1175 904 in·

181 933 316 1010 paribus,
337 931 490 1012 aliquando
508 939 537 990 et
558 949 645 1008 super
667 940 800 1008 quattuor
823 931 930 1006 digitos
953 937 1087 990 traverso
1111 946 1174 988 uuo.

180 1016 216 1076 ad
233 1033 295 1074 reru
308 1016 430 1078 divinam
444 1015 524 1076 luteo
541 1023 638 1074 rostro
653 1014 832 1095 pedibusque
854 1032 945 1093 purae
960 1030 1018 1074 non
1033 1013 1174 1086 videntur,

180 1099 216 1158 ad
239 1108 397 1176 opertanea
419 1116 502 1160 sacra
517 1100 627 1176 nigrae.
664 1095 717 1158 Est
746 1108 776 1158 et
802 1099 1100 1178 pumilionumgenus
1123 1112 1205 1156 nono

180 1182 282 1264 sterile
292 1184 321 1242 in
333 1183 388 1258 bis,
402 1184 480 1261 quod
495 1180 659 1242 nominabo
675 1199 786 1259 genere
801 1182 909 1258 alitum,
927 1182 981 1242 sed
992 1180 1097 1258 quibus
1113 1198 1176 1240 oen·

179 1273 223 1325 tra
236 1265 397 1329 fecunditas
411 1285 476 1328 rara
491 1277 519 1326 et
535 1265 680 1328 incubatio
697 1268 759 1325 oria
773 1267 869 1332 nouis.

140 1356 189 1414 let
260 1351 309 1411 57.
337 1351 421 1431 (78.)
449 1351 646 1414 inimicissima
669 1359 764 1411 autem
790 1350 913 1409 omnium
938 1349 1041 1426 generi
1066 1349 1177 1426 pituita,

178 1453 368 1514 maxumeque
383 1437 458 1496 inter
479 1436 582 1496 messis
599 1452 634 1495 ac
651 1434 811 1494 vindemiae
837 1442 960 1511 tempus.
993 1431 1177 1494 bledicinaiu

179 1519 254 1578 lame
271 1528 300 1580 et
316 1519 427 1580 cubitus
441 1520 470 1578 in
485 1520 579 1594 inmo,
602 1519 700 1596 utique
724 1518 749 1576 si
772 1535 788 1576 e
810 1517 890 1578 lauru
911 1525 959 1576 aut
973 1516 1064 1576 herba
1080 1515 1205 1576 sabinam

180 1601 246 1674 liat,
264 1603 349 1679 pinna
360 1621 413 1681 per
426 1613 571 1664 traversas
587 1603 694 1660 inserta
710 1601 785 1660 uaris
797 1609 826 1659 et
839 1619 892 1678 per
901 1600 1062 1660 omnlsdles
1073 1609 1176 1672 emota,

181 1681 262 1744 cibus
288 1685 372 1744 alium
393 1703 457 1744 cum
480 1685 558 1744 tane
580 1693 627 1744 aut
653 1703 727 1762 aqua
755 1682 890 1763 pertusus
912 1686 940 1743 in
962 1701 1017 1761 qua
1040 1684 1177 1744 maduerit

180 1775 285 1826 noctua
302 1776 350 1827 aut
371 1785 434 1826 cum
457 1769 565 1828 semine
586 1768 652 1826 vitis
667 1767 751 1828 albae
764 1775 864 1826 coctus
880 1785 915 1828 nc
931 1767 1071 1845 quaedam
1087 1767 1153 1826 alia.

138 1858 190 1913 158
259 1849 310 1910 58.
329 1850 412 1930 (79.)
437 1848 595 1912 Columbae
617 1851 736 1929 proprio
759 1852 813 1911 ritu
836 1851 1001 1914 osculantur
1028 1858 1096 1914 ante
1120 1850 1177 1909 coi·

179 1941 245 1992 tum.
276 1935 388 2012 pariunt
403 1934 466 1994 iare
482 1933 547 1994 bina
560 1951 624 2010 ova,
642 1936 679 1997 ita
695 1943 794 1994 natura
808 1934 976 1996 moderante
991 1944 1021 1994 ut
1035 1933 1100 1995 aliis
1116 1951 1175 1992 cre·
1185 1944 1207 1980 tt

180 2015 259 2077 brior
281 2019 317 2076 sit
337 2017 425 2093 letus,
442 2017 506 2078 aliis
526 2020 715 2078 numerosior.
752 2017 902 2096 palumbes
924 2028 953 2078 et
972 2027 1065 2078 turtur
1082 2017 1177 2096 pluru-

180 2119 255 2162 mum
270 2110 352 2164 tema
366 2121 422 2164 nec
437 2102 598 2181 plusquam
613 2101 658 2162 bis
669 2121 740 2162 vere
755 2103 878 2179 pariunt,
896 2112 982 2180 atque
994 2103 1044 2176 ita,
1060 2102 1086 2159 ei
1100 2101 1178 2179 prior

178 2184 254 2246 ictus
271 2196 424 2266 corruptus
435 2195 491 2260 eet,
505 2195 534 2246 et
546 2187 674 2263 quamvis
690 2186 744 2245 tria
758 2186 934 2264 pepererint,
951 2201 1102 2262 numquam
1114 2184 1178 2262 plus

178 2269 291 2332 duobus
317 2271 451 2332 educunt.
481 2271 595 2330 tertium
621 2271 733 2330 inritum
764 2277 818 2328 est.
848 2270 956 2330 urinum
983 2277 1099 2328 vocant.
1129 2286 1177 2346 pa·

177 2353 289 2416 lumbes
307 2355 421 2416 incubat
442 2353 547 2414 lamina
569 2351 808 2431 postmeridiana
829 2353 857 2410 in
872 2353 1053 2425 matutinum,
1076 2360 1208 2411 ceterons

138 2445 189 2498 159
196 2455 266 2497 mas.
299 2435 456 2506 Columbae
472 2453 578 2496 marem
594 2454 710 2513 semper
725 2444 753 2494 et
768 2434 901 2494 feminam
912 2435 1034 2514 pariunt,
1052 2436 1179 2512 priorem

177 2535 301 2593 marem,
322 2521 462 2596 postridie
490 2519 631 2580 laminam.
668 2517 800 2578 incubant
829 2519 856 2576 in
886 2537 922 2578 eo
943 2535 1054 2596 genere
1081 2518 1177 2592 ambo,

178 2599 301 2660 interdiu
316 2619 387 2676 mas,
403 2610 490 2663 noctu
506 2602 620 2662 lemine.
650 2602 805 2663 excludunt
821 2603 960 2662 vicesimo
975 2603 1035 2677 die,
1065 2604 1180 2679 pariunt

178 2700 195 2742 a
211 2683 288 2742 coitu
303 2685 411 2764 quinto.
443 2695 553 2748 aestate
570 2685 685 2764 quidem
699 2684 839 2745 interdum
853 2684 1086 2745 binismensibus
1098 2695 1179 2745 terna

181 2764 306 2826 educunt
330 2770 420 2846 paria.
449 2787 571 2848 namque
592 2770 713 2831 decumo
741 2778 845 2828 octavo
871 2770 918 2830 die
941 2770 1099 2831 excludunt
1121 2777 1210 2828 sta-u

179 2850 286 2928 timque
309 2854 483 2931 concipiunt.
527 2870 615 2931 quare
637 2853 712 2912 iuter
735 2852 832 2930 pullos
858 2870 914 2913 ova
941 2854 1123 2913 inveniuntur
1153 2861 1180 2912 et

179 2934 227 2994 alii
243 2935 413 3012 provolant,
429 2937 478 2998 alii
498 2935 670 3014 erumpunt.¹
691 2937 747 3015 ipsi
769 2934 873 2998 deinde
896 2936 968 3014 pulli
989 2937 1178 3015 quinqueme-

137 3027 275 3082 looetres
288 3020 437 3082 fetificant,
470 3031 500 3082 et
514 3022 596 3100 ipsae
611 3030 706 3081 autem
721 3022 794 3080 inter
810 3039 858 3095 se,
876 3021 899 3095 si
915 3038 975 3080 mas
992 3038 1049 3079 nou
1066 3023 1115 3097 sit,
1138 3022 1179 3079 ie·

179 3103 271 3163 minae
288 3122 381 3183 aeque
404 3105 523 3179 saliunt,
549 3107 718 3183 pariuntque
741 3123 795 3164 ova
821 3105 905 3165 inrita
927 3103 1089 3182 exquibus
1111 3104 1186 3166 nibil*

179 3187 313 3264 gignitur,
330 3207 404 3266 quae
419 3189 591 3267 hypenemia
606 3189 711 3266 Graeci
725 3198 839 3250 vocant.
1010 3259 1016 3266 ι
1188 3202 1211 3244 ³⁵

138 3279 188 3332 161
257 3271 307 3333 59.
325 3272 403 3332 Pavo
419 3290 435 3337 a
450 3274 562 3332 trimatu
577 3275 660 3350 parit.
691 3275 784 3352 primo
801 3290 874 3334 anno
890 3289 974 3332 unum
990 3281 1037 3334 aut
1056 3273 1181 3332 alterum

181 3369 276 3430 ovum,
292 3359 425 3433 sequenti
440 3364 579 3435 quaterna
593 3358 731 3434 quinave,
756 3358 862 3417 ceteris
880 3355 1029 3432 duodena,
1046 3373 1107 3417 non
1123 3375 1181 3417 am·

180 3434 272 3512 plius,
288 3441 476 3503 intermittens
490 3439 574 3498 binos
596 3440 658 3500 dies
675 3449 812 3500 ternosve
829 3441 918 3520 parit,
941 3449 970 3499 et
984 3449 1029 3501 ter
1045 3459 1141 3519 anuo,
1158 3440 1183 3500 si
