2482 3910
173 184 232 246 138
256 194 260 202 ’
339 215 345 232 .
513 191 826 243 c.cn1v1sscuno1

89 374 93 382 ·
169 352 288 426 fallunt,
308 351 440 429 quoniam
456 348 675 426 intemperantia
696 345 821 406 lrbrdrms
845 345 980 423 frangunt
998 364 1100 406 earum
1124 365 1181 409 ova

169 454 206 496 ne
221 433 383 495 incubando
399 433 589 494 detineantur.
623 441 691 491 tuuc
705 433 780 490 inter
799 449 833 490 se
852 429 988 492 dimicant
1008 448 1108 492 mares
1129 433 1179 494 de·

128 533 177 586 101
187 520 296 580 siderio
310 519 488 579 feminarum.
526 518 632 576 victum
650 517 727 575 aiunt
745 533 884 574 venerem
906 517 975 595 pati.
1009 513 1038 576 id
1059 517 1179 594 quidem

169 615 199 665 et
216 605 382 666 coturnices
396 601 511 679 Trogus
530 609 559 660 et
574 601 755 678 gallinaceos
769 599 935 678 aliquando,
952 598 1093 678 perdices
1105 618 1178 662 vero

168 709 184 748 a
201 689 316 750 domitis
334 687 415 747 ieros
436 694 467 744 et
481 701 574 746 novos
591 693 640 744 aut
653 686 748 745 victos
766 685 829 744 iniri
845 684 1020 762 promiscue.
1056 688 1198 764 capion-t

168 783 345 851 torqueque
361 769 546 848 pugnacitate
565 769 695 828 eiusdem
716 767 855 845 libidinis,
873 776 973 828 contra
995 771 1124 848 aucupis
1139 772 1178 831 in·

167 859 252 918 licem
269 865 395 915 exeunte
411 856 440 914 iu
456 853 598 932 proelium
613 853 687 914 duce
705 854 791 913 totins
802 854 918 929 'gregis
949 862 1036 930 capto
1053 870 1093 913 eo
1109 872 1178 934 pro-

168 941 245 1001 cedit
259 940 332 999 alter
350 957 385 1000 ac
402 937 525 998 subinde
540 938 656 1014 singuli.
688 953 786 997 rursus
808 938 886 996 circa
901 946 1077 1015 conceptum
1094 939 1177 1000 femi·

166 1042 222 1086 nac
241 1025 392 1100 capiuntur
412 1031 512 1083 contra
529 1039 671 1100 aucupum
689 1023 822 1082 feminam
838 1030 981 1082 exeuntes
998 1030 1029 1082 ut
1053 1023 1177 1086 rixasmo

167 1199 266 1252 contra
281 1191 367 1252 maris
379 1192 512 1252 steterint
527 1192 666 1265 feminae,
682 1208 750 1252 aura
765 1188 802 1249 ab
815 1188 860 1249 his
873 1189 959 1250 dante
975 1203 1176 1269 praegnantes

168 1277 254 1350 liunt,
273 1275 386 1335 hiantes
406 1285 502 1336 autem
520 1285 637 1336 exserta
658 1275 756 1351 lingua
776 1292 829 1352 per
852 1274 882 1334 id
899 1283 1012 1354 tempus
1028 1286 1175 1340 aestuant.

166 1360 331 1438 concipiunt
352 1369 381 1420 et
396 1361 642 1439 supervolantium
664 1359 784 1433 adflatu,
801 1375 892 1436 saepe
909 1375 985 1418 voce
1001 1368 1114 1420 tanturn
1128 1380 1175 1422 au·

166 1446 223 1507 dita
239 1445 371 1506 masculi.
402 1445 537 1523 adeoque
552 1446 640 1505 vincit
657 1441 748 1503 libido
765 1443 850 1504 eliam
866 1442 943 1504 fetus
960 1443 1131 1522 caritatem,
1148 1454 1176 1504 ut

165 1529 215 1588 illa
229 1529 326 1588 iurtirn
345 1537 375 1588 et
393 1531 422 1590 in
442 1529 557 1589 occulte
575 1527 729 1602 incubans,
746 1545 810 1586 cum
828 1530 919 1587 sensit
932 1527 1069 1589 feminam
1087 1542 1202 1590 auco-lt
1237 1587 1238 1596 ,

164 1613 210 1689 pis
226 1613 416 1675 accedentem
430 1613 466 1672 ad
480 1631 604 1688 marem,
620 1621 738 1673 recanat
754 1620 933 1690 revocetque
951 1622 982 1672 et
996 1612 1072 1672 ultro
1090 1631 1174 1693 prae·

165 1695 234 1753 beat
253 1713 286 1754 se
309 1695 429 1756 libidini.
469 1696 549 1758 rabie
572 1697 685 1778 quidem
702 1704 780 1756 tanta
801 1695 949 1771 feruntur,
973 1699 1055 1756 utin
1078 1700 1175 1777 capite

124 1787 175 1841 103
186 1781 386 1856 aucupantium
408 1797 498 1858 saepe
520 1799 627 1842 caecae
649 1782 756 1859 impetu
773 1780 904 1840 sedeant.
938 1782 969 1841 Si
985 1781 1021 1843 ad
1036 1781 1137 1842 nidum
1151 1784 1174 1842 is

165 1863 263 1940 eoepit
284 1862 447 1938 accedere,
472 1863 654 1942 adprocurrit
675 1865 769 1943 pedes
792 1866 855 1924 eius
878 1865 956 1941 ieta,
978 1883 1174 1945 praegravem

164 1955 211 2004 aut
227 1945 391 2006 delumbem
407 1962 474 2007 sese
490 1949 636 2028 simulans,
655 1949 808 2028 subitoque
825 1950 855 2008 in
865 1967 1008 2028 procursu
1026 1959 1075 2010 aut
1088 1949 1205 2011 brevia

163 2030 262 2112 aliquo
277 2031 376 2092 volatu
395 2032 471 2093 cadit
486 2033 578 2094 inacta
590 2044 620 2094 ut
635 2034 680 2094 ala
696 2044 743 2094 aut
756 2033 891 2112 pedibus,
908 2036 1054 2113 procurrit
1069 2037 1175 2096 iterum

161 2117 274 2178 iamiam
289 2115 500 2196 prehensurum
521 2118 665 2197 effugiens
687 2136 828 2197 spemque
848 2118 1008 2196 frustrans,
1027 2119 1127 2179 donec
1147 2121 1176 2178 in

162 2201 307 2262 diversum
329 2202 455 2264 abducat
476 2221 491 2264 a
509 2204 592 2264 nidis.
627 2203 730 2264 eadem
749 2219 859 2282 pavore
882 2203 974 2264 libera
992 2221 1027 2264 ec
1042 2212 1175 2264 materna

160 2303 267 2348 vacans
285 2304 353 2347 cura
375 2289 404 2346 in
423 2287 506 2348 sulco
530 2289 664 2368 resupina
680 2287 788 2365 glaeba
808 2305 841 2348 se
863 2297 960 2348 terrac
977 2287 1102 2366 pedibus
1124 2289 1174 2350 ad·

161 2372 308 2447 prehensa
329 2373 435 2450 operit.
474 2373 625 2434 Perdlcum
653 2374 712 2432 vita
737 2372 772 2432 ad
800 2371 927 2433 sedecim
949 2387 1039 2432 annos
1066 2371 1206 2433 durare&

162 2455 360 2516 existumatur.

121 2544 172 2598 104
230 2537 279 2598 34.
304 2538 387 2617 (52.)
412 2538 456 2598 Ab
475 2539 519 2598 bis
540 2541 883 2601 columbarum-maxume
900 2549 1068 2619 spectantur
1084 2541 1174 2602 simili

161 2619 273 2678 ratione
288 2637 386 2680 mores
402 2623 503 2696 iidem,
524 2624 576 2684 sed
595 2625 732 2702 pudicitia
753 2624 812 2684 illis
833 2626 924 2703 prima
946 2630 975 2686 et
991 2625 1087 2684 neutri
1102 2633 1173 2686 nota

160 2701 311 2762 adulteria.
348 2708 465 2784 coniugi
483 2706 568 2767 iidem
583 2725 641 2768 nou
656 2708 780 2784 violant,
798 2727 1037 2788 communemque
1052 2717 1173 2770 servant

141 2807 142 2812 ¹
160 2785 282 2846 domurn.
311 2789 366 2847 nisi
381 2791 501 2850 caelebs
517 2801 565 2852 nat
580 2792 665 2852 vidua
681 2793 776 2853 nidum
791 2810 849 2853 non
861 2794 1007 2872 relinquit.
1038 2801 1068 2852 et
1079 2795 1171 2873 'nupe-
1181 2807 1206 2850 co

114 2907 116 2912 -
157 2872 254 2930 riosos
272 2874 374 2949 maris,
400 2875 521 2938 subinde
540 2877 625 2956 etiam
646 2877 761 2955 iniquos
776 2877 890 2954 ierunt,
909 2880 1018 2957 quippe
1038 2879 1170 2956 suspicio

159 2965 205 3014 est
226 2956 367 3033 adulteri,
392 2963 522 3037 quamvis
541 2969 643 3022 natura
664 2979 722 3021 non
743 2964 789 3022 sit.
828 2973 895 3023 tunc
911 2962 1029 3041 plenum
1046 2962 1171 3040 querela

157 3045 255 3115 guttur
271 3043 411 3120 saevique
426 3053 523 3104 rostro
538 3045 624 3120 ictus,
641 3061 709 3106 rnox
723 3048 752 3105 in
766 3047 966 3108 satisfactione
984 3045 1170 3106 exosculatio

115 3129 165 3183 105
175 3133 204 3183 et
213 3126 290 3186 circa
302 3127 419 3186 veneris
431 3143 538 3206 preces
551 3129 664 3190 crebris
679 3130 783 3210 pedum
795 3131 916 3192 orbibus
927 3129 1064 3191 adulatio.
1088 3147 1170 3190 amor

156 3210 270 3287 utrique
293 3210 405 3272 subolis
427 3213 566 3290 aequalis.
603 3231 694 3292 saepe
717 3224 746 3274 et
768 3233 806 3275 ex
826 3215 882 3276 bae
903 3232 991 3276 cansa
1012 3215 1205 3292 castigatieca

156 3292 267 3367 pigrius
284 3295 407 3355 intrante
422 3295 529 3355 lemine
546 3298 582 3357 ad
598 3299 705 3377 pullos.
737 3301 908 3376 parturienti
924 3301 1028 3362 solatia
1039 3309 1070 3359 et
1086 3299 1167 3360 mini·

160 3378 246 3435 steria
275 3397 312 3438 ex
336 3397 425 3441 mare.
466 3381 554 3460 pullis
577 3385 670 3461 primo
698 3383 850 3444 salsiorem
874 3393 982 3445 terram
1010 3383 1168 3446 collectam

158 3466 272 3532 gutture
293 3465 322 3524 in
345 3481 395 3526 ora
420 3466 555 3546 inspuunt
576 3477 786 3546 praeparantes
807 3469 1063 3548 tempestivitatem
1088 3469 1164 3530 cibo.
