2462 3900
175 183 236 244 234
501 189 531 238 e.
545 191 642 238 perun
660 189 811 238 secuntur

133 363 167 416 ao
237 348 265 408 3.
290 348 352 426 (4.)
374 345 454 406 llaec
469 354 515 405 est
530 346 648 404 materia
670 343 753 403 luxus
769 359 786 400 e
803 341 912 402 canetis
927 357 1062 400 maxume
1076 356 1176 418 super

177 434 269 494 vacui.
293 431 464 506 margaritae
477 430 552 488 enim
562 444 753 505 gemmaeque
771 425 808 484 ad
825 423 963 486 heredem
976 434 1074 484 tamen
1087 433 1177 483 trans-

177 525 261 590 eunt,
283 521 570 592 vestesprorogant
588 521 717 590 tempus,
745 517 889 585 unguenta
914 507 994 566 illico
1029 509 1179 584 exspirant

176 619 211 662 ae
239 600 298 659 suis
325 599 481 658 moriuntur
508 597 597 656 lnoris.
646 612 753 654 summa
782 592 991 652 commendatio
1020 609 1125 650 eornm
1151 599 1179 650 ut

176 690 340 744 transeunte
356 681 462 740 lemine
477 681 550 740 odor
566 679 666 739 invitet
681 680 766 737 etiam
778 675 856 737 alind
871 678 1001 753 agentis,
1018 674 1177 734 excedunt·
1187 689 1198 727 s

84 786 88 808 ¹
177 786 233 846 que
261 766 476 844 quadringenos
504 764 638 824 denarios
665 761 766 821 librae
816 763 887 821 tanti
913 762 1015 819 emitur
1040 759 1179 838 voluptas

133 859 165 914 tl
177 853 286 925 aliena,
305 851 409 909 etenim
426 849 546 908 odorem
562 848 610 925 qui
624 847 700 922 gerit
715 847 779 923 ipse
794 862 852 904 non
867 845 963 904 sentit.
997 844 1021 902 si
1038 852 1139 906 tamen
1153 851 1180 900 et

175 936 248 996 haec
265 895 360 1010 aliqua
374 931 536 991 differentia
558 930 697 1007 signanda
713 938 792 1004 sunt,
814 946 842 987 ιιι
857 927 894 986 Μ
916 925 1069 988 Ciceronis
1089 927 1177 986 moni·

175 1019 277 1078 mentis
301 1015 442 1074 invenitur
459 1009 602 1092 unguenta
623 1015 749 1090 gratiora
776 1029 844 1071 esse
866 1029 940 1089 quae
963 1020 1071 1070 terram
1095 1027 1180 1088 quam

177 1119 250 1180 quae
268 1115 383 1158 crocum
400 1099 528 1176 sapiant,
553 1097 665 1196 qnando
682 1099 766 1156 etiam
781 1096 1002 1195 corruptissimo
1017 1097 1046 1152 in
1063 1107 1206 1171 genereo

176 1186 266 1260 magis
279 1192 373 1242 tamen
390 1183 467 1242 iuvat
489 1181 659 1260 quaedam
651 1183 740 1259 ipsius
760 1181 810 1240 viti
833 1181 985 1239 severitas.
1013 1179 1067 1238 sed
1091 1195 1179 1256 quos·

177 1270 241 1330 dam
255 1267 414 1327 crassitudo
432 1281 564 1336 maxume
578 1266 706 1326 delectat
720 1265 844 1341 spissum
860 1254 1050 1341 appellantis
1067 1260 1180 1358 linique

133 1355 247 1426 utiam
266 1368 323 1410 non
339 1351 432 1411 solum
450 1349 598 1448 perfundi,
621 1349 773 1424 unguentis
787 1347 923 1424 gaudem.
951 1347 1073 1406 vidimus
1092 1347 1180 1406 etiam

175 1437 298 1536 vestigia
313 1434 419 1512 pedum
434 1435 539 1510 tingui,
563 1433 641 1511 quod
656 1441 833 1492 monstrasse
852 1429 890 1490 Μ.
908 1429 1052 1491 Othonem
1066 1427 1180 1488 Neroni

177 1521 299 1599 principi
292 1517 461 1592 ferebant,
478 1532 588 1646 quaeso
604 1525 634 1574 ut
650 1515 773 1594 qualiter
788 1516 942 1575 sentiretur
954 1515 1127 1591 iuvaretque
1144 1512 1205 1572 altu

177 1619 212 1662 ea
235 1611 318 1680 parte
345 1599 500 1679 corporis?
535 1617 671 1660 necnon
697 1600 822 1677 aliquem
845 1617 883 1658 ex
903 1599 1023 1676 privatis
1048 1599 1180 1658 audimus

176 1687 297 1745 iussisse
320 1687 419 1762 spargi
445 1686 572 1762 parietes
602 1683 769 1744 balnearum
795 1691 941 1759 unguento
969 1691 1055 1760 atque
1077 1681 1180 1741 Caium

179 1770 338 1847 principem
355 1768 428 1826 solia
444 1769 599 1846 temperari
614 1787 659 1844 ac,
677 1786 713 1826 ne
728 1767 890 1844 principale
905 1767 1036 1826 videatur
1051 1765 1113 1825 lroc
1128 1765 1178 1824 bo·
1225 1785 1229 1794 ·

132 1861 259 1926 aenum,
284 1860 314 1910 et
333 1860 436 1928 postea
455 1853 595 1930 quendam
617 1853 748 1911 e-servis
764 1850 898 1910 Neronis.
929 1855 1060 1910 maxume
1082 1858 1179 1912 tannen

178 1936 276 1994 mirum
290 1944 334 1994 est
349 1935 422 1994 hanc
434 1937 553 2014 gratiam
566 1945 737 2014 penetrasse
750 1944 779 1994 et
793 1936 822 1993 in
833 1943 939 1995 castra.
965 1933 1081 2014 aquilae
1098 1943 1205 1994 certent

178 2036 214 2079 ac
228 2019 325 2095 signa,
345 2019 545 2097 pulverulenta
566 2020 615 2079 illa
636 2029 665 2079 et
687 2018 854 2097 cuspidibus
875 2017 1010 2094 horrida,
1033 2028 1180 2093 ungantur

177 2103 261 2164 lestis
289 2103 406 2180 diebus,
432 2104 595 2181 utinamque
618 2105 716 2164 dicere
738 2119 891 2181 possemus
910 2104 979 2180 quis
1003 2103 1113 2179 primus
1140 2104 1179 2161 in·

176 2187 331 2247 stitnisset!
358 2189 396 2247 ita
417 2197 479 2264 est,
502 2189 630 2247 nimirum
649 2187 705 2247 lrac
727 2185 864 2246 mercede
889 2195 1044 2264 corruptae
1076 2186 1179 2246 orbem

177 2280 317 2331 terrarum
338 2273 476 2332 devicere
498 2271 622 2350 aquilae.
653 2272 707 2330 ista
726 2270 886 2349 patrocinia
902 2271 1066 2350 quaerimus
1088 2271 1178 2345 vitiis,

177 2364 206 2414 ut
218 2373 271 2433 per
285 2355 343 2414 hoc
360 2357 403 2416 ius
419 2355 473 2415 sub
488 2355 603 2416 casside
620 2363 763 2431 unguenta
779 2362 934 2413 sumantur.
1186 2367 1206 2408 ιι

134 2447 169 2500 44
242 2439 304 2516 (5.)
333 2439 455 2511 Quando
478 2439 506 2498 id
532 2439 651 2516 primurn
673 2439 708 2498 ad
731 2437 876 2500 Romanos
899 2439 1099 2516 penetraverit
1124 2455 1179 2496 non

176 2519 264 2579 facile
281 2521 411 2579 dixerim.
451 2531 560 2581 eertum
577 2531 621 2582 est
636 2522 782 2581 Antiocho
801 2539 873 2598 rege
891 2522 1021 2599 Asiaque
1042 2521 1178 2596 devictis,

180 2602 256 2660 urbis
274 2620 347 2662 anno
363 2603 487 2682 DLXV.‚
503 2605 533 2665 Ρ.
550 2606 687 2666 licinium
708 2603 844 2666 Crassum
859 2604 890 2665 L·
903 2604 1004 2664 lulium
1022 2601 1180 2665 Caesarem

179 2702 319 2764 censores
341 2687 468 2748 edixisse
494 2706 530 2748 ne
558 2692 621 2767 quis
644 2689 784 2749 venderet
806 2698 951 2765 unguenta
972 2688 1098 2748 exotica.
1138 2690 1179 2748 sic

132 2770 253 2834 atenim
275 2770 472 2848 appellavere.
494 2783 538 2849 at,
553 2773 713 2848 Hercules,
741 2775 796 2837 iam
809 2773 925 2851 quidam
940 2773 1026 2831 etiam
1041 2772 1070 2830 in
1091 2782 1206 2851 potuau

179 2854 300 2928 addunt,
318 2857 445 2933 tantique
461 2866 506 2916 est
523 2858 681 2916 amaritudo
702 2867 732 2917 ut
748 2858 839 2917 odore
857 2857 980 2934 prodigo
995 2856 1128 2916 truantur
1145 2875 1179 2916 en
1199 2889 1208 2926 ι,

179 2947 299 3017 utraque
322 2947 404 3016 parte
427 2943 570 3020 corporis.
602 2940 634 3001 L.
650 2941 788 3016 Plotium,
809 2939 839 2999 L.
863 2939 961 3000 Planci
976 2939 1021 2998 bis
1048 2941 1180 3000 consulis

129 3043 134 3052 ’
178 3024 367 3100 censorisque
382 3022 517 3098 fratrem,
536 3025 728 3104 proscriptum
748 3025 933 3085 atriumviris
954 3025 982 3081 in
996 3023 1179 3084 Salurnitana

177 3107 290 3168 latebra
307 3107 443 3184 unguenti
458 3107 550 3170 odore
568 3109 709 3188 proditum
726 3117 854 3183 constat,
878 3125 935 3206 quq
950 3107 1101 3166 dedecore
1118 3117 1180 3167 tota

178 3189 309 3252 absoluta
332 3191 508 3269 proscriptio
524 3202 579 3252 est.
611 3193 676 3271 quis
691 3195 766 3252 enim
786 3209 844 3250 non
858 3192 960 3253 merito
982 3189 1092 3251 iudicet
1109 3209 1176 3270 per·
1167 3205 1206 3248 -ιι

176 3275 236 3334 isse
250 3271 338 3335 talis?

133 3363 169 3418 26
235 3359 303 3438 (6.)
317 3357 426 3419 Cetero
434 3368 574 3418 terrarum
584 3360 705 3419 omnium
712 3359 866 3457 Aegyptus
879 3315 1179 3420 adcommodatissima

179 3444 346 3519 unguentis,
370 3443 406 3504 alt
422 3461 457 3504 ea
474 3441 629 3521 Campania
645 3452 689 3502 est
707 3445 792 3521 copia
807 3457 904 3503 rosae.
928 3445 957 3504 4
980 3441 1088 3531 ledaea
1104 3457 1179 3503 vero
