2444 3908
285 213 365 258 aar.
381 213 471 260 nrsr.
486 213 575 262 vrnr.
594 211 713 266 as-ao
733 201 880 287 (lt—48.)
1026 207 1081 298 tbi

82 367 163 446 quod
181 367 354 444 praedurum
370 377 415 428 cst
434 369 597 430 sufflatione
613 372 784 431 viventibus.
817 382 918 433 cetero
934 391 988 452 per
1002 374 1084 438 brac·
1174 382 1175 392 ¹

82 451 149 510 chia
165 451 244 510 velut
260 452 420 512 acetabulis
444 453 583 532 dispersis
603 454 704 514 haustu
726 457 848 534 quodam
864 457 1084 519 adhaerescunt.

79 544 183 595 tenent
198 537 292 614 supini
310 545 340 595 ut
356 536 443 596 avelli
466 555 523 596 non
541 539 656 616 queant.
690 540 763 600 vada
778 557 835 599 non
855 541 1084 620 adprehendunt,

79 629 113 679 et
132 619 289 697 grandibus
304 621 397 680 minor
411 624 560 682 tenacitas.
585 623 641 682 soli
653 623 780 683 mollium
801 625 829 686 iu
844 627 952 686 siccum
969 635 1084 702 exeunt,

49 703 230 764 scamaras
252 722 397 783 asperum.
434 705 580 767 levitatem
603 707 702 767 odere.
734 717 891 772 vescuntur
915 709 1128 785 conchylio-86

76 805 144 848 rum
162 804 265 864 carne,
283 807 404 867 quornm
420 791 545 852 conchas
558 792 704 874 conplexu
726 793 844 853 crinium
867 793 1011 872 frangunt.
1033 795 1084 853 ita-

79 891 139 952 que
159 873 390 951 praeiacentibus
404 875 487 934 testis
500 875 596 936 cubile
608 893 708 936 eorum
724 875 958 955 deprehenditur.
978 886 1007 936 et
1023 895 1086 936 curn

77 954 192 1036 alioqui
207 955 319 1018 brutum
334 957 476 1018 habeatur
498 959 616 1036 animal,
632 970 662 1020 ut
682 960 760 1040 quod
781 960 816 1022 ad
834 979 945 1020 manum
962 959 1085 1021 hominis

77 1041 208 1118 adnatet,
223 1043 252 1100 in
271 1061 303 1101 re
320 1042 531 1120 quodammodo
548 1044 681 1104 familiari
697 1044 795 1106 callet.
822 1046 915 1106 omnia
930 1046 958 1103 in
973 1044 1086 1105 domum

40 1143 68 1184 1o
79 1133 251 1204 comportat,
275 1125 340 1185 dein
363 1129 507 1205 putamina
531 1145 616 1190 erosa
643 1146 729 1188 came
753 1131 847 1208 egerit
870 1129 1086 1208 adnatantlsque

77 1209 241 1288 pisciculos
267 1210 302 1272 ad
330 1229 364 1270 ea
384 1221 514 1272 venatur.
544 1212 672 1272 colorem
697 1222 786 1273 mutat
812 1213 848 1274 ad
873 1213 1128 1277 similitudinemfl'l

77 1293 159 1370 loci,
179 1303 207 1356 et
231 1313 362 1356 maxume
384 1298 412 1354 in
432 1305 519 1355 metu.
553 1298 646 1375 ipsum
664 1294 806 1358 bracchia
819 1315 871 1357 sua
885 1297 992 1358 rodere
1013 1296 1086 1356 salsa

79 1379 182 1457 opinio
198 1387 253 1454 est,
267 1379 297 1438 id
314 1381 388 1440 enim
404 1398 420 1439 a
438 1379 555 1456 congris
570 1381 667 1440 evenit
685 1381 721 1441 ei.
752 1381 805 1442 sed
820 1382 934 1441 renasci
947 1383 1021 1440 sicut
1037 1396 1085 1439 co-

78 1463 149 1522 lotis
166 1473 194 1522 et
209 1463 326 1523 lacertis
342 1463 448 1523 caudas
464 1463 531 1523 hant
545 1463 657 1524 salsum.

42 1559 70 1602 rs
146 1546 230 1625 (47.)
253 1546 331 1607 lnter
356 1549 514 1628 praecipua
545 1557 639 1608 autern
663 1550 799 1612 miracula
826 1559 870 1609 est
893 1550 940 1627 qui
962 1556 1129 1611 vocaturus

78 1630 217 1705 mutilos,
233 1629 269 1690 ab
287 1633 351 1693 aliis
366 1631 523 1711 pompilos.
547 1635 664 1712 supinus
677 1635 704 1693 in
722 1651 829 1693 summa
845 1649 1004 1716 aequorum
1019 1649 1085 1710 per·

78 1715 161 1775 venit
181 1717 220 1776 ita
235 1733 268 1774 se
284 1717 420 1795 paulatim
440 1717 594 1794 subrigens
615 1727 644 1777 ut
668 1719 771 1779 emissa
797 1719 871 1778 omni
889 1735 944 1798 per
963 1715 1086 1776 fistulam

80 1817 156 1878 aqua
180 1798 261 1860 velut
284 1809 460 1860 exoneratus
477 1802 586 1864 sentina
608 1801 695 1861 facile
718 1804 843 1880 naviget.
875 1811 978 1884 postea
996 1801 1086 1878 prima

80 1885 136 1944 duo
153 1882 289 1944 bracchia
307 1893 481 1965 retorquens
499 1886 689 1946 membranam
701 1888 776 1946 inter
791 1886 841 1946 illa
859 1888 948 1946 mirae
962 1886 1084 1944 tenulta-

41 1969 117 2028 2otis
136 1967 276 2044 extendit,
295 1987 351 2047 qua
366 1968 531 2030 velificante
543 1971 571 2028 in
585 1985 654 2030 aura
668 1971 775 2032 ceteris
787 1969 987 2048 'subremigans
1002 1968 1086 2028 brac·

81 2051 154 2112 chiis
175 2051 269 2112 media
291 2071 324 2111 se
346 2054 436 2113 cauda
459 2063 489 2113 nt
515 2053 712 2131 gubernaculo
732 2055 818 2130 regit.
856 2056 895 2114 ita
923 2053 1001 2114 vadit
1027 2051 1085 2112 alto

79 2135 294 2197 liburnicarum
309 2137 411 2196 ludens
424 2139 558 2214 imagine,
571 2140 597 2196 si
612 2139 680 2218 quid
689 2139 807 2216 pavoris
823 2137 1004 2214 interveniat,
1016 2135 1085 2195 hau·

80 2230 124 2281 sta
141 2239 174 2279 se
191 2238 326 2298 mergens
341 2239 426 2300 aqua.

145 2305 196 2368 30.
215 2305 298 2385 (48.)
322 2303 497 2384 Polyporum
512 2305 629 2380 generis
641 2313 686 2366 est
699 2320 806 2363 ozaena
820 2303 895 2368 dicta
910 2321 926 2364 a
941 2303 1023 2380 gravi
1035 2319 1080 2364 ca·
1093 2310 1128 2367 89

5 2427 7 2430 -
43 2390 149 2470 sopitis
174 2389 283 2465 odore,
308 2389 346 2448 ob
370 2388 428 2450 hoc
454 2405 585 2448 maxume
611 2389 736 2448 murenis
748 2405 811 2448 eam
839 2385 1083 2448 consectantibus.
1124 2404 1133 2418 ‘

80 2471 274 2551 Polypibinis
289 2472 437 2535 mensibus
454 2472 621 2534 conduntur.
654 2472 727 2533 ultra
743 2472 880 2534 bimatum
899 2488 957 2531 non
976 2471 1084 2530 vivont.

103 2565 206 2618 creunt
220 2567 315 2618 autem
326 2557 394 2617 tabe
415 2573 540 2636 semper,
557 2558 681 2618 feminae
700 2557 825 2618 celerius
842 2566 870 2616 et
886 2556 949 2616 iere
962 2572 978 2615 a
991 2566 1084 2634 partu.

79 2577 146 2702 hon
171 2651 235 2700 sunt
265 2643 477 2720 praetereunda
506 2651 534 2702 et
556 2641 587 2701 L.
609 2641 731 2702 Lucullo
751 2640 929 2720 proconsule
948 2639 1086 2706 Baeticae

80 2735 223 2808 conperta
247 2726 284 2785 de
310 2725 426 2810 polypis
455 2742 530 2805 quae
547 2725 669 2786 Trebius
692 2724 784 2804 Niger
806 2745 823 2785 e
845 2723 997 2786 comitibus
1025 2726 1086 2784 eius
1125 2736 1129 2742 ·

45 2809 221 2890 sopradidit:
245 2810 426 2872 avidissimos
443 2827 510 2874 csse
527 2809 716 2884 concharum,
740 2809 805 2871 illas
829 2809 864 2872 ad
885 2817 993 2872 tactum
1015 2815 1128 2870 con-90

79 2895 165 2976 primi
180 2895 377 2973 praecidentis
395 2891 531 2955 bracchia
555 2910 654 2954 eorum
675 2893 809 2974 ultroque
833 2911 931 2956 escam
948 2911 986 2953 ex
1000 2909 1084 2972 prae·

80 2978 168 3039 dante
186 2995 304 3060 capere.
329 2989 428 3038 carent
443 2979 572 3042 conchae
592 2981 655 3040 visu
672 2979 807 3056 omnique
822 2974 981 3040 sensualia
1001 2991 1085 3053 quam

79 3062 138 3127 cibi
156 3072 186 3144 et
200 3063 334 3141 periculi.
367 3063 534 3124 insidiantur
550 3079 622 3139 ergo
639 3062 741 3140 polypi
761 3064 880 3143 apertis,
897 3059 1084 3142 inpositoque

77 3145 184 3226 lapillo
198 3157 282 3207 ‘extra
299 3165 417 3227 corpus,
430 3163 467 3207 nc
482 3147 621 3225 palpitatu
638 3146 767 3209 eiciatur.
785 3143 823 3206 ita
839 3147 934 3206 securi
950 3159 1085 3222 grassan-

42 3239 126 3290 astur
149 3232 361 3312 extrahuntque
379 3233 508 3292 carnes.¹
525 3230 595 3290 illac
616 3249 650 3290 se
673 3229 859 3310 contrahunt,
889 3227 941 3293 scd
966 3227 1084 3302 frustra,
1170 3303 1173 3313 s

77 3315 278 3376 discuneatae.
315 3325 393 3376 tanta
415 3316 547 3376 sollertia
562 3313 724 3378 animalium
751 3313 945 3374 hebetissimis
968 3327 1085 3392 qnoque

79 3407 135 3460 est.
152 3409 307 3479 praeterea
323 3410 412 3478 negat
428 3399 516 3460 ullum
530 3401 656 3458 atrocius
671 3415 739 3458 esse
756 3397 857 3460 animal
874 3395 910 3458 ad
927 3395 1082 3456 conficien·
1092 3401 1127 3458 91

64 3481 305 3562 ·alnm‚bominem
320 3485 350 3544 in
367 3501 449 3562 aqua.
472 3484 594 3544 luctatur
609 3484 682 3542 e'nim
699 3483 844 3561 conplexu
861 3487 891 3540 et
903 3481 1004 3540 sorbet
1018 3497 1083 3540 ace·
