2462 3900
524 138 835 225 enumerentur
938 215 942 226 ,

443 353 478 438 u.
507 352 654 438 l'bllil
681 351 913 436 dblllldbl
994 367 1029 472 '¹

133 597 136 610 .
290 523 660 670 annuorum
699 521 1082 620 uraranrau

236 709 243 718 ‘
474 683 478 692 ’
532 687 728 754 LIBER
758 685 834 752 XV.
1116 734 1119 738 .

76 959 84 967 .
148 919 163 972 1
240 910 268 968 1.
292 907 354 986 (1.)
384 906 485 970 Oleam
504 907 722 988 Theophrastus
737 927 758 972 e
779 906 980 968 celeberrimis
1004 903 1190 966 Graecorum

178 990 345 1054 auctoribus
365 990 445 1052 urbis
462 990 572 1052 Romae
591 1009 667 1052 anno
684 993 801 1052 circiter
816 1001 959 1052 ccccxc.
986 991 1113 1066 negavit
1136 991 1207 1050 uisis

178 1077 253 1141 iutra
263 1087 309 1136 η
320 1075 398 1136 milia
414 1091 548 1154 passuum
563 1075 599 1136 ab
611 1078 681 1138 mari
696 1077 788 1151 amai,
800 1073 969 1138 Fenestella
980 1091 1055 1134 vero
1069 1075 1189 1134 omnino

178 1176 237 1220 non
254 1159 346 1220 luisse
367 1160 395 1218 in
410 1157 492 1220 ltalia
514 1159 710 1240 Hispaniaque
731 1168 781 1220 aut
793 1158 894 1220 Alriea
908 1157 1067 1236 Tarquinio
1084 1156 1188 1218 Prisco

178 1251 336 1320 regnante,
359 1242 395 1303 ab
410 1245 491 1304 annis
507 1244 608 1324 populi
622 1243 743 1304 Romani
760 1255 910 1320 cumr,
933 1259 1009 1320 quae
1021 1259 1106 1302 nune
1124 1261 1187 1320 per·

178 1329 259 1390 venit
278 1336 357 1388 trans
371 1327 455 1406 Alpis
471 1345 588 1408 quoque
612 1337 642 1387 et
662 1329 691 1388 iu
706 1325 813 1394 Gallias
828 1325 1041 1405 Hispaniasque
1062 1326 1186 1386 medias.

21 1418 27 1422 ”
148 1410 260 1474 barbis
274 1411 390 1490 quidem
405 1428 478 1472 anuo
496 1425 554 1472 ov.
575 1411 672 1491 Appio
688 1407 808 1472 Claudio
822 1407 911 1474 casm
927 1418 1037 1488 nepote
1054 1407 1089 1470 t.
1107 1407 1216 1486 lurion

179 1512 257 1556 coss.
282 1495 341 1556 olei
366 1494 457 1555 librae
482 1495 634 1556 duodenae
655 1494 770 1556 assibus
792 1495 929 1570 vomere,
956 1501 986 1552 et
1011 1509 1084 1552 mox
1112 1510 1186 1554 anno

136 1598 146 1621 s
177 1592 330 1640 Dcuxxx.
352 1577 390 1640 ll.
403 1579 487 1640 Seius
499 1579 530 1640 b.
543 1578 575 1640 F.
594 1577 696 1640 aedilis
713 1579 819 1642 curulis
838 1579 896 1640 olei
912 1579 1003 1640 denas
1019 1575 1116 1637 libras
1133 1579 1186 1638 sin·

177 1663 255 1739 gulis
278 1662 392 1724 assibus
421 1665 566 1741 praestitit
592 1663 702 1742 populo
726 1661 856 1724 Romano
877 1680 932 1742 per
953 1669 1046 1730 totum
1071 1679 1186 1722 annum.

148 1747 272 1808 eminus
288 1763 323 1806 ea
338 1747 455 1806 miretur
476 1747 524 1825 qui
541 1747 614 1808 sciat
628 1755 696 1825 post
711 1761 802 1808 annos
819 1760 895 1808 ΗΠ
911 1743 964 1805 Cn.
976 1744 1123 1824 Pompeio
1137 1759 1187 1806 111.

178 1829 299 1894 consule
323 1829 421 1890 oleum
435 1831 592 1907 provinciis
608 1829 716 1892 ltaliam
736 1832 860 1892 misisse.
893 1827 1040 1890 Hesiodus
1064 1843 1213 1909 quoquere

178 1913 209 1972 in
221 1912 319 1990 primis
342 1912 449 1972 cultum
463 1929 599 1989 agrorum
613 1914 775 1977 docendam
789 1915 944 1978 arbitratus
960 1913 1048 1974 vitam
1065 1915 1186 1992 negavit

177 1995 263 2059 olene
290 2005 420 2058 satorem
445 1995 569 2058 fructum
593 2017 631 2060 en
659 2017 694 2060 ea
716 1999 889 2078 percepisse
911 2015 1099 2078 quemquam.
1132 2007 1186 2058 tan

177 2080 257 2141 tarda
273 2089 339 2140 tune
355 2098 402 2140 res
419 2089 490 2141 erat.
512 2091 541 2142 at
562 2084 736 2144 nuncetiam
753 2084 782 2142 in
798 2082 949 2162 plantariis
965 2081 1075 2158 lerunt,
1093 2092 1184 2143 trans·

178 2165 356 2244 latarumque
372 2163 466 2226 altero
483 2182 557 2226 anno
573 2167 769 2244 decerpuntur
783 2165 886 2228 bacae.

145 2257 162 2310 4
240 2248 303 2327 (2.)
323 2247 466 2329 Habinnas
483 2256 572 2331 negat
589 2251 744 2329 provenire
756 2252 785 2311 in
796 2249 990 2328 frigidissimis
1005 2247 1118 2324 oleam,
1137 2267 1211 2311 nem

177 2351 233 2410 que
245 2332 474 2396 inealidissimin.
496 2351 606 2410 genera
621 2352 718 2395 earum
729 2335 784 2396 tria
792 2335 865 2394 dixit
875 2333 1036 2412 Vergilius,
1052 2334 1184 2396 orebites

53 2414 61 2428 “
176 2427 205 2476 et
219 2417 316 2478 radios
335 2424 364 2476 et
379 2419 488 2494 perias,
505 2436 561 2478 nee
576 2417 746 2481 desiderare
759 2427 871 2479 rastros
888 2427 937 2478 aut
951 2417 1037 2479 lalcis
1054 2418 1182 2478 ullamne

110 2571 119 2580 ¹
178 2517 282 2558 euram.
307 2499 377 2558 Sine
388 2499 476 2560 ddnio
488 2509 517 2561 et
532 2502 560 2560 iu
571 2501 616 2562 bis
628 2502 721 2562 solum
738 2519 870 2564 maxume
886 2501 1060 2579 caelumque
1079 2503 1181 2562 refert.

177 2591 374 2666 verumtamen
389 2591 419 2642 et
435 2583 598 2660 tondentur,
616 2594 724 2645 cunrat
741 2587 827 2662 ritas,
845 2594 933 2664 atque
945 2585 1182 2648 etiaminterradi

82 2683 85 2688 ·
146 2663 311 2741 egaudent.
344 2662 536 2746 Consequens
552 2686 650 2730 earum
664 2668 806 2730 vindemia
821 2678 882 2744 est,
900 2687 1006 2748 arsque
1024 2669 1076 2730 vel
1093 2671 1208 2732 maiorm

173 2748 236 2808 olei
251 2756 342 2808 musta
354 2752 543 2829 temperandi.
563 2771 601 2812 ex
616 2753 718 2812 eadem
735 2753 844 2831 quippe
862 2752 941 2814 oliva
955 2751 1097 2814 differunt
1112 2753 1179 2812 suci.

177 2834 297 2910 primum
316 2833 439 2895 omnium
463 2854 480 2894 e
500 2833 588 2911 cruda
613 2845 699 2914 atque
716 2837 840 2896 noudum
863 2836 1016 2896 inchoatae
1033 2839 1180 2897 maturita-

176 2919 221 2978 tis.
252 2916 310 2978 boe
325 2933 432 2994 sapore
449 2919 735 2997 praestantissimum.
760 2920 827 2998 quin
845 2929 875 2980 et
892 2939 930 2980 ex
945 2936 982 2981 eo
998 2921 1092 2997 prima
1110 2922 1180 2981 unda

176 3000 252 3079 preli
267 2999 462 3079 laudatissima
476 3019 511 3064 ae
528 3003 632 3064 deiude
647 3021 702 3082 per
717 3003 937 3086 deminutiones,
954 3004 1016 3062 sive
1030 3005 1059 3062 in
1070 3005 1180 3082 sportis

71 3107 74 3123 ·
175 3094 336 3163 prematur,
370 3086 451 3161 sive,
478 3094 509 3145 ut
533 3104 626 3165 nuper
651 3087 796 3148 inventum
823 3096 889 3164 est,
916 3086 1053 3149 exilibus
1067 3089 1206 3166 regulism

143 3169 252 3246 opede
275 3169 398 3230 incluso.
432 3178 537 3247 quanto
560 3172 698 3233 maturior
719 3171 808 3247 baca,
830 3179 909 3230 tanto
934 3171 1070 3248 pinguior
1091 3188 1195 3246 scens*

3 3231 6 3238 ’
73 3257 77 3264 ’
175 3254 324 3331 minusque
342 3262 451 3331 gratus.
477 3261 594 3331 optuma
610 3263 705 3316 auteur
720 3263 801 3316 aetas
820 3254 855 3314 ad
870 3254 1089 3332 decerpendum
1106 3257 1179 3315 inter

172 3338 289 3413 ‚copiam
312 3336 529 3414 bonitatemque
548 3340 706 3416 incipiente
729 3338 801 3398 baca
822 3340 1010 3415 nigrescere,
1039 3356 1106 3398 cum
1129 3356 1178 3398 vo·

178 3427 242 3476 cant
257 3420 399 3511 druppas,
416 3419 520 3482 Graeci
536 3438 607 3481 vero
625 3422 801 3500 drypetidas.
834 3431 936 3482 cetero
951 3421 1047 3498 distat,
1063 3439 1101 3480 au
1121 3437 1178 3479 ma-
