2444 3910
158 137 205 200 ,16
506 145 537 193 c.
559 113 656 194 annm
678 144 828 194 securum
914 119 919 129 '

165 313 306 366 ructasse.
331 300 449 406 Qpihus
472 310 571 362 natura
593 309 732 360 concreta
754 308 819 360 sunt
844 316 929 376 ossa,
952 302 1095 380 quisunt
1117 301 1174 360 ruri

167 377 344 460 admodum:
352 387 451 446 cornei
467 393 616 444 vocantur.
771 436 773 444 ,

121 481 157 536 81
228 469 278 530 20.
307 469 391 550 (19.)
423 467 556 548 Corpore
580 485 669 529 vesco
691 468 744 528 sed
767 468 879 528 eximiis
903 466 1013 544 viribus
1039 405 1172 530 Tributa-

167 573 231 619 uum
243 556 271 628 in
281 553 455 632 gladiatorio
467 553 545 628 ludo,
562 553 727 616 Samnitium
740 561 882 612 armatura
894 550 1056 627 celebrem,
1073 553 1173 612 lilian-

168 657 222 716 que
244 639 305 698 eius
321 638 438 710 militem
453 635 550 714 Magni
569 635 703 715 Pompei,
727 645 869 696 etractus
885 645 914 694 et
934 645 1093 704 traversos
1110 653 1194 698 nan-s

167 723 292 786 callatim
308 730 369 780 toto
385 737 511 798 corpore
527 720 662 781 habuisse
677 736 800 796 neruos,
824 720 852 778 in
865 717 991 780 brachiis
1007 721 1105 782 etiarn
1121 739 1172 782 tna

100 825 103 830 ·
166 807 327 884 nibusque,
352 814 524 864 auctorest
546 803 639 863 Varro
662 805 691 864 in
713 803 881 882 prodigiosa
902 805 1003 866 virium
1032 803 1171 878 elatione,

166 901 253 968 atque
275 890 358 947 etiam
379 886 492 948 hostem
510 887 545 948 ab
562 903 598 946 eo
616 905 653 948 ex
669 888 878 965 provocatione
897 887 1054 953 dimicante
1072 890 1172 950 inermi

39 989 42 996 ·
108 1015 114 1035 ι
167 975 269 1033 dextra
291 989 347 1030 uno
357 969 456 1050 digito
481 979 644 1049 superatum
663 981 692 1030 et
713 981 861 1049 postremo
878 972 1056 1048 conseptum
1074 974 1109 1034 in
1133 992 1172 1042 oa·

123 1067 226 1121 flastra
253 1043 393 1115 tralatum.
436 1065 465 1114 at
485 1055 604 1114 Vinnius
625 1054 734 1114 Valens
760 1056 861 1115 meruit
886 1057 915 1114 in
935 1057 1093 1134 praetorio
1122 1057 1205 1124 didm

166 1139 290 1216 Augusti
312 1141 459 1214 centurio,
482 1138 615 1200 vehicula
637 1157 701 1198 cum
720 1139 812 1200 culeis
831 1148 932 1200 onusta
953 1138 1059 1222 donec
1078 1143 1174 1203 exina-

168 1224 295 1282 nirentur
316 1223 458 1282 sustinere
484 1224 603 1297 solitus,
630 1232 768 1300 carpenta
792 1221 974 1300 adprehensa
1003 1213 1063 1289 una
1094 1242 1174 1284 mann

169 1309 311 1383 retinere,
334 1306 457 1368 obnixus
472 1317 572 1367 contra
589 1305 742 1366 nitentibus
764 1308 911 1381 iumentis,
934 1315 963 1364 et
979 1305 1038 1366 alia
1055 1309 1176 1368 mirifica

125 1393 268 1456 attacere
292 1409 366 1470 quae
388 1392 530 1470 insculpta
551 1377 723 1450 monimento
748 1391 809 1450 eius
831 1399 1006 1468 spectantur.
1041 1390 1174 1452 idemli

162 1477 278 1541 ,Varro:
317 1467 567 1549 Rusticelius,
598 1476 704 1552 inquit,
736 1471 919 1535 hercules
948 1475 1204 1552 appellatusu

162 1558 296 1618 ,mulum
325 1577 422 1618 suurn
446 1557 609 1619 tollebat
635 1557 783 1631 Fusius,
812 1558 963 1620 Salvius
988 1558 1062 1620 duo
1094 1579 1175 1623 cen·

170 1643 314 1702 tenaria
342 1643 504 1722 pondera
536 1642 712 1721 pedibus,
742 1643 897 1702 totidem
922 1643 1113 1720 manibus,
1145 1650 1175 1702 et

169 1727 366 1786 ducenaria
384 1727 450 1786 duo
475 1728 606 1785 umeris
627 1735 756 1785 contra
774 1726 902 1786 scalas
926 1725 1093 1787 ferebat.
1127 1745 1175 1786 nos

162 1826 285 1888 ,quoque
302 1809 421 1870 vidimus
439 1810 610 1881 Athanatum
626 1813 738 1870 nomine
758 1811 945 1888 prodigiosae
970 1812 1176 1872 ostentationis

164 1894 356 1974 ¹quingenario
372 1893 492 1968 thorace
507 1893 643 1972 plumbeo
661 1894 787 1957 indutum
810 1893 1016 1972 cothurnisque
1032 1896 1202 1972 quingen-st

170 1987 227 2036 tum
250 1977 346 2056 pondo
369 1976 518 2037 calciatum
539 1995 591 2055 per
608 1995 740 2036 scaenam
762 1978 882 2054 ingredi.
921 1975 1060 2038 Milonem
1084 1979 1178 2040 athle-

164 2053 242 2136 'tam
266 2081 330 2122 cum
346 2062 540 2137 constitisset
567 2078 650 2120 nemo
670 2062 794 2138 vestigio
816 2059 968 2120 educebat.
1003 2061 1116 2132 malum
1138 2073 1178 2123 ιι-

169 2146 247 2206 ιιιιιιῑ
265 2164 349 2206 nomo
366 2146 483 2224 digitum
501 2144 675 2224 corrigebat.

125 2239 161 2294 84
230 2230 315 2311 (20.)
340 2228 510 2292 Cucurrisse
523 2243 619 2293 Mcox
635 2230 725 2290 stadia
737 2227 773 2288 ab
788 2198 910 2289 Athenis
920 2207 1179 2302 lacedaemonum

169 2315 256 2376 biduo
272 2315 453 2395 Philippidem
469 2333 601 2392 magnum
617 2322 695 2388 erat
716 2313 809 2372 donec
828 2311 947 2389 Auratis
963 2327 1068 2372 cursor
1085 2313 1178 2374 bace·
1168 2335 1218 2386 -ιι

170 2400 337 2459 daemonius
360 2409 388 2457 et
411 2398 577 2458 Philonides
604 2396 761 2456 Alexandri
789 2391 885 2472 Magni
907 2413 922 2454 a
944 2396 1075 2494 Sicyone
1098 2397 1177 2458 Elim

170 2497 225 2538 uno
250 2482 296 2539 die
318 2492 432 2540 mcccv
455 2481 547 2539 stadia
570 2489 765 2538 cucurrerunt
804 2497 877 2539 nuno
901 2481 1045 2558 quidem
1037 2499 1065 2538 ιιι
1094 2483 1175 2542 circo

170 2563 308 2640 quosdam
327 2576 436 2622 onxnt
452 2580 586 2640 passuum
601 2563 727 2623 tolerare
745 2581 801 2624 non
819 2565 1000 2640 ignoramus
1019 2583 1175 2643 nuperque
1217 2607 1218 2614 ι

170 2644 290 2704 Fonteio
307 2655 335 2704 et
350 2646 491 2735 Vipstano
510 2663 587 2718 coss.
610 2663 699 2706 annos
714 2661 779 2709 vni
795 2649 923 2747 genitum
938 2666 1069 2726 puerum
1078 2667 1095 2708 a
1115 2668 1175 2712 me-

170 2728 241 2790 ridie
257 2729 292 2787 ad
309 2748 462 2808 vesperam
473 2743 568 2790 cxxv
582 2744 608 2790 m
623 2749 758 2808 passuum
776 2733 951 2796 cucurrisse
969 2733 1050 2792 cuius
1066 2751 1112 2793 rer
1106 2734 1175 2796 nd·
1165 2750 1204 2795 -ιι

169 2812 280 2872 miratio
298 2815 335 2873 ita
354 2815 467 2876 demum
485 2815 580 2874 solida
597 2817 762 2892 perveniat,
785 2817 808 2874 si
824 2817 888 2894 quis
905 2817 1015 2892 cogitet
1030 2827 1121 2876 nocte
1139 2835 1175 2878 ao

170 2898 216 2958 die
228 2896 447 2974 longissimum
440 2909 495 2958 tter
506 2898 647 2961 vehiculis
659 2898 748 2958 tribus
761 2898 905 2960 Tiberium
915 2897 1063 2962 Neronem
1075 2919 1174 2975 ennen-

169 3001 231 3041 sum
245 2981 426 3052 festinantem
443 2984 478 3042 ad
495 2983 618 3043 Drusum
634 2983 751 3046 tratrem
767 2993 940 3060 aegrotum
933 2985 962 3046 in
980 2982 1173 3046 Germaniam.

170 3085 204 3127 ea
222 3065 336 3126 fuerunt
353 3079 593 3146 compascuum

126 3158 160 3212 85
232 3151 268 3210 21
275 3195 282 3210 .
255 3149 359 3228 (21
366 3153 390 3231 )
420 3149 575 3212 Oculorum
589 3152 670 3212 acies
686 3151 734 3210 rel
749 3169 879 3212 maxume
893 3151 978 3210 iidem
996 3135 1205 3215 excedentium

170 3236 277 3310 invenit
293 3235 435 3314 exempla.
466 3235 498 3296 In
518 3253 591 3295 nuce
607 3235 745 3298 inclusam
766 3234 855 3296 Iliada
871 3234 989 3296 Homeri
1009 3255 1129 3298 carmen
1144 3238 1174 3296 in

169 3319 333 3379 membrana
351 3321 488 3398 scriptum
499 3321 585 3380 tradit
601 3317 716 3392 Cicero.
745 3320 820 3378 idem
836 3318 926 3396 luisse
943 3337 991 3396 qur
984 3321 1174 3396 pervideret

172 3413 290 3462 cxxxv
308 3419 334 3466 m
353 3423 496 3484 passuum.
526 3403 592 3463 huic
609 3413 638 3462 et
660 3419 764 3478 nomen
787 3401 825 3460 hl.
842 3401 935 3461 Varro
956 3403 1070 3482 reddit,
1094 3405 1169 3464 Stra·
