2444 3908
140 119 199 182 62·
324 195 333 218 Ι
486 131 516 180 c.
533 89 635 180 vunrrrr
659 131 808 182 saeuum

139 305 193 366 pas
208 289 267 348 late
283 287 398 346 deserta
415 285 501 363 regio
517 296 563 346 est
578 305 594 346 a
610 286 813 364 scorpionibus
834 295 865 345 et
891 285 1041 366 solipugis
1063 298 1146 365 geute

141 371 271 446 sublata,
298 383 360 432 eta
382 371 587 449 scolopendris
614 370 734 431 abactos
763 369 950 432 Rhoetiensis
978 381 1088 432 auctor
1109 380 1148 432 eu

140 455 368 533 Theophrastus.
399 455 459 516 Sed
482 455 519 515 ad
535 454 648 534 reliqua
666 454 791 515 ferarum
806 473 918 532 genera
934 455 1108 516 redeamus.

98 551 148 604 105
219 540 268 600 30.
289 541 373 619 (44.)
392 537 518 615 Hpaenis
530 550 681 617 atramque
693 548 905 599 essenaturam
922 549 950 598 et
966 540 1149 602 alteruisau

140 627 183 684 nis
198 627 283 684 maris
304 625 422 684 alternis
438 623 559 684 feminas
577 623 651 698 lieri,
665 642 770 702 parere
785 625 848 684 siue
864 642 943 690 mare
958 625 1074 702 volgus
1092 643 1167 688 cres

140 710 190 783 dic,
207 708 384 768 Aristoteles
399 718 496 784 negat.
520 709 626 768 collum
642 717 671 768 et
681 707 748 768 ioba
764 717 796 766 et
809 710 916 768 onitate
930 709 1038 786 spinae
1060 711 1150 788 porri·

98 803 149 857 106
155 797 242 872 gitur,
252 794 389 890 hectipoe
401 795 456 851 nisi
473 795 648 852 circumactu
660 794 745 852 totius
759 795 894 871 corporis
903 810 960 852 non
973 795 1048 870 quit.
1067 793 1152 854 mults

140 889 295 979 praeterea
310 878 380 935 mira
396 877 562 953 traduntur
584 877 638 936 sed
660 895 792 937 maxume
812 885 979 938 sermonem
990 877 1152 938 humanum

141 965 216 1022 inter
235 969 382 1040 pastorum
408 959 520 1020 stabula
542 962 734 1038 adsimulare,
766 979 930 1060 nomenque
951 961 1083 1022 alicuius
1108 963 1152 1023 ad·

141 1047 215 1106 disci
233 1062 319 1144 poem
335 1054 486 1106 evocatum
500 1044 572 1105 loris
586 1041 710 1121 laceret.
728 1048 796 1106 item
817 1048 1006 1108 vomitionem
1024 1046 1178 1110 hominus

142 1131 292 1190 imitariad
315 1129 517 1190 sollicitandos
538 1147 625 1190 canes
647 1145 721 1208 quos
746 1132 869 1192 invadat.
897 1131 933 1190 ab
955 1147 1012 1190 uuo
1036 1131 1153 1192 animoli

142 1215 298 1294 sepulchra
321 1215 584 1292 eroiinquisitione
607 1231 771 1293 corporum.
812 1216 947 1276 feminam
972 1232 1044 1274 raro
1077 1215 1152 1294 oapi

142 1300 236 1360 oculis
256 1299 334 1360 mille
357 1316 425 1358 esse
447 1300 605 1359 varietates
633 1299 820 1380 colorumque
847 1300 1031 1360 mutationes.
1068 1317 1152 1377 prate·

55 1385 57 1400 '
142 1393 223 1444 terea
240 1383 357 1444 umbrae
381 1385 443 1442 eius
464 1393 599 1444 contactu
623 1401 712 1443 canes
732 1385 947 1444 obmutescere.
980 1393 1011 1444 et
1028 1383 1152 1462 quibus·

141 1470 205 1530 dam
218 1470 338 1544 magicis
351 1466 459 1529 artibus
473 1485 558 1528 omne
570 1468 672 1528 animal
687 1469 765 1546 quod
776 1478 822 1532 ter
835 1468 1001 1528 lustraverit
1013 1468 1044 1526 in
1058 1470 1149 1528 vesti·
1158 1484 1179 1526 ιι

100 1555 208 1629 107310
229 1553 362 1611 haerere.
402 1551 487 1630 (45.)
509 1551 598 1612 Huius
614 1555 731 1629 generis
753 1556 830 1612 coitu
850 1553 954 1613 leaena
969 1551 1152 1632 Aethiopias

141 1638 216 1715 parit·
229 1644 424 1710 comoedum,
447 1638 581 1698 similiter
602 1653 694 1696 voces
707 1639 863 1698 imitantem
886 1635 1031 1698 homiuum
1057 1653 1152 1715 pecc·

141 1738 272 1799 rumque.
307 1721 386 1779 acies
409 1722 436 1780 ei
459 1731 600 1801 perpetua
623 1723 651 1780 in
671 1731 792 1799 utraque
804 1731 886 1801 parte
904 1723 962 1781 oris
979 1719 1070 1781 nullis
1089 1723 1153 1798 giu·
1203 1703 1205 1812 1

142 1807 229 1883 giris,
242 1805 328 1864 dente
347 1806 493 1882 continuo,
511 1825 547 1865 ne
567 1807 712 1866 contrario
729 1823 854 1866 occursu
871 1806 1027 1866 hebetetur
1044 1821 1153 1884 capsa·
1203 1813 1205 1868 l

142 1907 202 1948 rorn
224 1889 309 1948 modo
334 1890 496 1950 includitur.
530 1890 673 1950 homiuum
699 1907 851 1952 sermones
870 1892 973 1950 imitari
993 1897 1024 1949 et
1046 1891 1181 1952 manti-n
1204 1887 1205 1890 ’

144 1973 252 2034 choran
267 1976 294 2033 in
309 1974 465 2052 Aethiopia
484 1985 585 2034 auctor
600 1985 647 2034 est
660 1974 740 2035 luha.

102 2067 152 2120 108
225 2059 309 2138 (46)
332 2057 469 2134 Hyaeuae
490 2059 640 2137 plurumae
660 2061 814 2136 gignuntur
835 2059 863 2118 in
885 2058 997 2134 Africa,
1020 2076 1102 2135 quae
1123 2067 1154 2118 et

143 2144 286 2204 asinorum
309 2144 485 2203 silvestrium
503 2144 709 2204 multitudinem
733 2144 833 2205 fundit
866 2144 1013 2202 maresia
1036 2160 1076 2202 eo
1099 2161 1153 2220 ge·

142 2246 212 2288 nere
229 2229 334 2306 singuli
350 2229 519 2288 feminarum
540 2229 679 2306 gregibus
696 2229 870 2307 imperitant.
900 2228 999 2286 timent
1020 2225 1153 2288 libidinis

142 2314 271 2372 aemulos
291 2322 320 2372 ct
341 2313 408 2372 ideo
433 2314 568 2390 gravidas
590 2312 754 2376 custodiunt
775 2329 929 2391 morsuque
952 2319 1037 2372 natos
1057 2313 1180 2372 marias

142 2406 278 2456 castrant.
315 2406 415 2456 contra
442 2398 580 2495 gravidae
607 2397 735 2458 latebras
763 2407 864 2475 petunt
890 2406 919 2456 et
942 2413 1051 2488 parere
1070 2396 1151 2456 lurto

102 2569 151 2623 109
224 2562 309 2640 (47)
334 2511 459 2621 Easdem
477 2565 567 2640 partis
583 2564 662 2624 sibi
654 2584 709 2645 rpsr
703 2526 836 2626 :Pontici
852 2573 999 2643 amputant
1015 2563 1083 2624 libri
1100 2583 1151 2644 pe·

142 2643 234 2703 riculo
252 2654 406 2720 urguente,
431 2644 469 2704 ob
487 2646 544 2705 hoo
558 2667 591 2708 se
608 2652 668 2728 peti
685 2651 776 2727 gnari
809 2659 974 2710 castoreum
993 2647 1022 2708 id
1041 2657 1152 2710 uocant

142 2728 256 2788 medici.
288 2728 359 2788 alias
381 2731 483 2791 animal
505 2731 642 2794 horrendi
664 2752 776 2794 morsus
795 2734 917 2794 arbores
933 2735 1012 2792 iuxta
1032 2733 1180 2794 flumineas

142 2813 268 2874 utlerro
288 2813 391 2876 caedit
419 2815 541 2877 hominis
559 2828 642 2897 parte
665 2819 868 2919 conprehensa
890 2837 947 2878 uon
970 2827 1037 2878 ante
1063 2836 1152 2896 quatu

141 2899 234 2960 fracta
252 2903 474 2977 concrepuerint
487 2920 555 2962 ossa
570 2921 684 2964 morsus
699 2895 830 2964 resdlvit
852 2903 942 2964 cauda
960 2903 1085 2981 piscium
1105 2905 1151 2976 lis,

142 2995 241 3048 cetera
258 2985 376 3062 species
392 2985 492 3046 lutrae.
525 2997 673 3068 utrumque
696 2990 868 3067 aquaticum,
887 2990 1004 3065 utrique
1031 2986 1152 3046 mollior

143 3071 240 3150 pluma
255 3069 341 3148 pilus.

87 3165 154 3220 ilo
226 3155 275 3216 31.
294 3153 377 3234 (48.)
400 3153 499 3216 Ranae
523 3176 639 3237 quoque
663 3158 801 3233 rubetae,
830 3175 950 3235 quarum
971 3166 1000 3216 et
1023 3158 1051 3215 in
1072 3163 1180 3215 terras

145 3242 216 3320 etin
233 3256 333 3299 umore
348 3241 417 3318 vita,
441 3242 580 3320 plurumis
595 3244 721 3304 refertae
739 3242 974 3302 medicaminibus
997 3241 1151 3319 deponere

144 3339 179 3381 ea
197 3325 303 3384 cotidie
321 3342 356 3384 ac
378 3343 527 3386 resumere
546 3337 629 3405 pasto
646 3329 793 3403 dicuntur,
816 3345 927 3388 venena
950 3334 1057 3386 tantum
1074 3342 1154 3390 sem.

85 3427 86 3431 ¹
144 3423 199 3484 per
213 3407 267 3468 sibi
283 3419 477 3470 reservantes.
