2482 3910
175 192 239 256 222
516 195 548 246 o.
565 193 662 246 amar
678 195 828 245 sacuam
904 265 915 284 l

175 361 205 419 in
218 373 272 416 usn
286 373 370 436 quarn
386 353 525 429 odorata,
543 352 685 431 cibosque
699 349 805 411 Sabaei
815 359 923 412 cocunt
937 353 1008 410 turis
1025 351 1120 430 bgno,
1137 347 1185 412 ald

176 457 306 517 murrae,
332 439 506 519 oppidorum
518 438 707 514 vicorumque
723 451 780 494 non
799 434 860 495 alia·
874 449 957 514 quun
973 451 1010 498 ex
1025 438 1088 495 uria
1104 437 1183 496 funt

178 535 264 606 atque
285 523 396 584 nidore.
428 523 463 583 ad
481 521 557 582 bunc
577 537 650 598 ergo
667 519 821 580 sanandam
845 527 989 595 capacem
1011 521 1041 579 in
1061 515 1186 580 coitibus

177 617 279 690 petunt
299 607 435 683 hircinis,
459 605 632 686 suffiuntque
652 611 741 664 tecta.
777 605 853 664 adeo
879 603 956 666 nulla
977 612 1023 664 eat
1044 605 1184 684 voluptas

179 712 253 776 quae
268 709 325 752 non
344 691 514 752 adsiduitate
532 689 676 750 tantulam
691 689 793 768 pariat.
816 685 948 749 Eundem
963 699 992 750 et
1006 689 1044 750 ad
1060 703 1207 768 serpen-s

178 779 214 839 tis
229 777 370 856 fugandas
386 783 469 836 urunt
483 777 511 834 in
526 773 682 835 odoriferis
698 773 779 833 silvis
794 773 1054 852 frequentissimas.

135 873 171 927 aa
248 863 296 924 18.
320 859 403 942 (41.)
420 858 484 919 Non
498 867 562 920 sunt
577 873 677 918 eorum
693 857 899 918 cinnamomum
915 865 963 918 ast
980 859 1079 934 moia,
1099 869 1134 920 et
1145 869 1183 918 tr·

179 965 244 1008 meu
259 945 331 1024 delia
343 943 506 1024 appellatur
521 942 646 1018 brebia,
658 941 725 1002 lalsi
737 951 768 1002 et
780 944 884 1020 ingrati
899 943 1095 1020 cognominis,
1111 957 1184 1022 quae

178 1030 235 1091 lucc
253 1038 404 1107 acceptum
419 1029 534 1107 superis
556 1027 649 1103 ierat,
672 1041 734 1086 cnm
756 1027 824 1106 plus
838 1041 877 1086 ex
892 1043 930 1086 eo
946 1025 1048 1086 inieris
1062 1026 1183 1087 debeat

179 1114 293 1187 beatam
311 1112 388 1172 illam
403 1113 475 1172 iecit
491 1111 634 1173 bominum
650 1111 735 1171 etiam
756 1111 785 1170 in
799 1119 894 1170 morte
914 1111 1025 1171 luxuria
1042 1127 1124 1189 quae
1142 1111 1212 1171 dit!

135 1198 381 1264 seintellexerant
393 1199 490 1275 genita
505 1197 644 1256 urentium
659 1195 812 1255 defunctis.
842 1194 929 1254 Periti
943 1209 1042 1254 rerurn
1055 1195 1186 1255 adseve-

98 1341 101 1344 .
179 1292 242 1343 rant
257 1299 314 1342 non
334 1281 414 1342 ferre
428 1291 533 1342 tantum
549 1295 643 1340 annuc
658 1279 718 1339 letu
733 1287 867 1358 quamam
881 1275 960 1338 Nero
974 1279 1119 1358 princeps
1133 1295 1183 1338 uo

179 1367 297 1428 vissimo
307 1363 463 1446 Poppaeae
474 1381 545 1426 auae
557 1365 604 1425 die
616 1359 864 1424 concremaverit.x
878 1361 1064 1423 aestimentur
1075 1369 1188 1441 postea

180 1461 240 1512 tcto
265 1451 337 1511 orbe
360 1449 481 1528 singulis
502 1447 583 1509 annis
604 1457 647 1508 tot
663 1447 781 1523 lunera,
806 1449 1020 1526 acervatimque
1037 1455 1187 1526 congesta

92 1556 98 1560 ·
178 1537 281 1597 honori
304 1535 476 1594 cadaverum
500 1550 575 1612 quae
590 1533 709 1611 disper
730 1531 858 1610 singulas
872 1533 962 1592 micas
983 1531 1096 1592 dantur.
1128 1542 1213 1592 neca

178 1622 269 1679 nriuus
289 1619 410 1696 propitii
432 1626 514 1679 erant
535 1617 611 1677 mola
633 1616 711 1677 salsa
725 1616 972 1696 supplicantibus,
994 1617 1081 1675 immo
1097 1631 1182 1692 vero,

136 1709 209 1766 aaut
225 1701 318 1780 palam
334 1707 393 1776 est,
413 1699 600 1780 placatiores.
636 1717 737 1760 venum
752 1699 879 1760 Arabiae
894 1701 1045 1760 etiamnum
1063 1696 1183 1760 delicius

178 1793 327 1844 marceat.
360 1801 397 1842 ex
408 1783 462 1844 illo
475 1799 597 1862 namque
614 1785 785 1862 margaritas
796 1785 889 1844 nrittit.
916 1785 1098 1863 minnmaqne
1113 1799 1183 1845 con·

178 1868 327 1948 putatione
343 1867 456 1928 miliens
478 1878 599 1927 centena
615 1867 692 1929 milia
706 1869 873 1928 sestertium
890 1868 972 1928 aunis
989 1868 1122 1928 omuibus
1136 1867 1182 1928 ln·

178 1951 224 2013 dia
241 1959 268 2010 et
284 1951 373 2011 Seres
390 1951 617 2032 paeninsulaquc
632 1949 682 2012 iila
698 1955 819 2034 imperio
832 1959 933 2012 nostm
949 1952 1081 2014 adimunt.
1111 1953 1214 2013 tantist

179 2033 263 2096 nobis
275 2033 399 2096 deliciae
411 2043 441 2095 et
454 2035 577 2096 feminae
592 2047 732 2098 constant.
766 2047 853 2116 quota
871 2039 946 2097 enim
958 2037 1054 2116 pontio
1068 2053 1106 2097 cx
1123 2037 1187 2098 illle

179 2120 215 2181 ad
232 2119 304 2180 deos
322 2135 432 2199 quaeso
451 2123 505 2180 iam
526 2119 575 2180 vel
592 2121 629 2182 ad
644 2119 753 2182 inleros
771 2118 918 2200 pertinet?

135 2214 169 2269 85
242 2205 289 2265 19.
316 2203 399 2285 (42.)
424 2201 637 2266 cinnamomum
657 2215 687 2264 et
709 2207 802 2265 casias
817 2204 950 2267 iabulose
967 2207 1095 2265 narravit
1109 2207 1181 2266 anti·

178 2291 271 2368 quitus
290 2287 486 2368 princepsque
508 2285 675 2354 llerodmus
697 2293 789 2350 avium
805 2289 879 2350 nidis
896 2300 926 2350 et
938 2289 1070 2369 priuatim
1085 2289 1179 2368 plroe·

177 2373 266 2448 uicis,
289 2375 317 2432 in
334 2391 393 2454 qno
408 2375 463 2433 situ
479 2371 564 2433 Liber
579 2383 663 2452 pater
684 2373 821 2434 educatus
838 2377 934 2450 esset,
951 2391 988 2434 ex
1002 2373 1086 2433 iuriis
1100 2373 1211 2454 rupim

142 2451 145 2460 '
177 2455 230 2515 bus
245 2455 455 2534 arboribusque
469 2457 564 2517 decuti
580 2457 673 2518 carnis
687 2473 771 2538 quam
787 2459 869 2538 ipsae
886 2457 1026 2518 inierreut
1047 2453 1184 2538 pondere

179 2547 225 2596 aut
240 2539 393 2616 plumbatis
410 2539 531 2617 sagittis,
550 2543 618 2601 item
634 2544 740 2602 casnm
756 2544 833 2602 circa
848 2541 962 2621 paludis
976 2551 1181 2622 propugnante

177 2620 319 2697 unguibus
335 2623 397 2684 diro
412 2622 650 2703 vespertilionum
664 2641 773 2704 genere
790 2627 966 2707 aligerisque
982 2627 1181 2705 serpentibus,

134 2703 220 2771 saluis
236 2709 403 2768 commentia
424 2719 564 2788 augentes
582 2725 678 2770 rerum
700 2711 802 2790 pretia.
839 2711 972 2772 comitata
989 2726 1063 2770 uero
1081 2711 1184 2773 fabula

177 2797 222 2848 est
246 2788 288 2848 ad·
306 2791 454 2852 meridiani
482 2793 554 2853 solis
577 2811 768 2874 repercussus
789 2789 1009 2856 inenarrabilem
1036 2793 1214 2874 queudtnntt‘

123 2881 128 2892 ·
176 2873 371 2934 universitatis
396 2874 512 2936 balitum
536 2891 553 2936 e
577 2885 638 2938 tota
662 2879 831 2957 paeninsula
857 2881 1001 2940 exsistere
1022 2887 1067 2940 tot
1087 2895 1180 2960 gene·

177 2975 239 3018 rum
254 2973 342 3018 aurae
358 2959 485 3038 spirante
501 2972 662 3038 concentu,
680 2959 834 3044 Magnique
859 2963 1016 3024 Alexandri
1033 2963 1181 3026 classibus

176 3041 313 3102 Arabiam
328 3041 420 3104 odore
441 3047 560 3123 primum
580 3048 734 3107 nuntiatam
750 3049 778 3106 in
799 3047 894 3108 altum.
928 3050 1022 3108 omnia
1036 3047 1125 3125 lalsa,
1144 3048 1180 3110 si·

176 3127 290 3206 quidem
308 3127 515 3188 cinnamomum
533 3129 667 3210 idemque
691 3133 848 3192 cinnamum
865 3133 993 3197 nascitur
1012 3135 1041 3194 iu
1055 3131 1179 3205 Aetbia·

133 3219 167 3275 8⁸!
177 3211 223 3290 pia
244 3209 420 3290 Trogodytis
442 3213 565 3274 conubio
580 3210 731 3294 penninta.
762 3217 790 3276 bi
806 3225 968 3278 mercantes
984 3216 1012 3276 id
1027 3233 1043 3277 a
1061 3227 1178 3280 contet·-
1188 3224 1213 3276 tt

174 3295 256 3356 amnis
271 3299 379 3358 uehunt
395 3313 450 3378 per
461 3299 548 3357 maria
564 3309 643 3359 vasta
659 3299 767 3359 ratibus
785 3316 856 3380 quas
868 3319 964 3381 neque
980 3301 1181 3379 gubernacula

175 3390 277 3456 regant
291 3398 387 3461 neque
404 3383 477 3442 remi
491 3380 603 3442 trabant
619 3383 667 3443 vel
684 3383 839 3463 inpellant,
857 3401 914 3446 non
929 3384 1012 3464 vela,
1028 3403 1087 3445 non
1102 3385 1180 3448 ratio

175 3459 233 3520 ulla
248 3461 379 3543 adiuuet,
399 3468 522 3527 omnium
536 3468 625 3527 instar
642 3469 682 3527 ibi
696 3477 761 3528 suut
775 3469 861 3530 bomo
877 3479 983 3532 tantum
1000 3480 1030 3530 et
1044 3471 1177 3532 audacia.
