2462 3900
337 187 419 236 nur.
441 186 533 239 mnu.
554 187 631 236 x111.
655 185 681 240 4.
700 174 816 260 (t—-9.)
1014 177 1076 248 237

72 344 219 406 succisae.
253 341 345 402 dulcis
359 341 485 403 medulla
496 360 594 402 earum
606 343 636 402 in
648 344 815 420 cacumine,
830 346 908 424 quod
925 344 1076 408 cerebrum

73 426 241 506 appellant,
259 435 452 505 exemptaque
463 427 578 502 vivont,
595 427 672 506 quod
686 445 744 488 uon
760 427 845 488 aliae.
872 440 1012 489 vocantur
1028 448 1075 490 au·

6 557 9 566 ,
71 522 133 572 tem
150 510 378 586 chamaeropes,
394 508 466 569 lolio
486 510 590 570 latiore
605 529 640 569 ac
655 511 736 592 molli
753 512 789 571 ad
804 511 894 572 vitilia
912 513 1074 590 utilissimo,
1127 529 1132 534 ·

73 596 216 674 copiosae
243 594 271 652 in
287 591 395 668 Creta,
418 592 470 653 sed
490 595 581 670 magis
604 595 632 653 in
648 595 756 656 Sicilia.
793 593 818 654 E
843 596 946 675 palmis
966 615 1075 674 prunae
1170 591 1173 606 '

2 703 3 706 ¹
45 681 193 742 suivaces
210 679 342 755 ignisque
363 676 467 736 lentus.
499 675 724 738 Fructiierarunr
748 679 811 740 aliis
832 678 949 740 brevius
966 679 1118 758 lignumto

70 765 223 841 inpono,
247 761 310 820 aliis
326 760 460 837 longius,
487 760 531 822 his
543 761 675 837 mollius,
697 762 754 822 illis
771 764 885 840 durius,
908 763 1076 844 quibusdam

2 873 3 876 ¹
73 864 192 906 osseum
207 845 408 922 lunatumque,
430 845 515 904 dente
538 855 637 906 contra
657 845 824 908 fascinantis
838 847 982 926 religione
1001 847 1074 926 poli·

2 937 3 950 ¹
42 976 45 985 .
72 940 143 991 tum.
169 929 245 990 aliud
257 929 387 1007 pluribus
398 931 531 989 vestitum
541 930 764 1008 paucioribusve
777 932 891 1010 tunicis,
908 931 984 990 aliud
996 949 1073 994 cras·

1 1011 3 1089 l
72 1014 201 1075 sioribus
217 1011 444 1073 tenuioribusve.
470 1014 509 1072 ita
525 1013 594 1074 liunt
608 1015 890 1094 undequinquaginta
905 1033 1033 1092 genera,
1051 1016 1076 1074 si

2 1093 3 1131 l
35 1115 63 1157 so
75 1099 141 1177 quis
156 1099 279 1158 omnium
294 1099 432 1177 persequi
444 1097 515 1157 velit
525 1098 637 1160 uomina
651 1100 737 1158 etiarn
748 1099 872 1160 barbara
887 1101 1075 1177 vinorumque

1 1178 4 1216 ²
74 1200 114 1242 ex
131 1183 165 1241 iis
182 1169 370 1242 differentias.
402 1179 588 1241 Clarissimae
601 1184 742 1258 omniurn,
765 1200 837 1261 quas
853 1185 951 1260 regias
969 1182 1070 1263 appel·
1082 1193 1115 1248 41

0 1280 1 1293 ¹
73 1267 175 1326 lavere
196 1265 231 1326 ab
252 1265 381 1340 honore,
404 1265 539 1343 quoniam
561 1266 680 1344 regibus
702 1275 810 1326 tautum
826 1265 952 1326 Persidis
975 1285 1072 1326 servae

0 1370 1 1379 ¹
70 1349 190 1423 bantur,
209 1347 359 1423 Babylone
374 1357 459 1410 natae
475 1366 532 1408 uno
547 1350 577 1408 in
592 1350 677 1411 horto
693 1347 803 1426 Bagou.
834 1350 872 1410 ita
888 1361 993 1410 vocant
1008 1369 1073 1428 spn-

72 1433 185 1508 doues‚
207 1434 256 1513 qui
271 1432 347 1510 apud
362 1451 416 1494 eos
434 1433 520 1494 etium
536 1451 709 1510 regnavere.
738 1434 838 1494 hortus
859 1434 909 1494 ille
924 1436 1074 1512 numquam
1163 1477 1169 1492 ,

0 1534 1 1537 ’
35 1530 62 1572 1⁵
73 1518 131 1578 nisi
146 1517 314 1577 dominantis
336 1517 366 1574 in
386 1517 450 1576 aula
473 1516 535 1576 init.
573 1517 612 1576 ht
633 1518 661 1578 in
681 1516 839 1578 meridiano
864 1517 936 1580 orbe
958 1519 1116 1595 praeci-42

1 1629 2 1635 κ
71 1619 159 1680 puarn
178 1601 307 1678 optinent
326 1599 504 1660 nobilitatem
525 1602 624 1680 syagri
644 1603 860 1682 proximamque
884 1601 1072 1677 margarides.

0 1694 1 1717 ¹
71 1686 130 1746 hae
145 1683 269 1760 breves,
295 1683 449 1760 candidae,
473 1685 630 1760 rotundae,
658 1686 747 1746 acinis
771 1704 854 1763 quarn
870 1685 980 1745 balanis
998 1685 1072 1744 sirni-
1145 1704 1147 1714 ¹

71 1770 180 1844 liores,
204 1786 294 1846 quare
319 1776 348 1826 et
368 1785 473 1828 nomen
490 1771 684 1846 amnrgnritis
705 1787 862 1848 accepere.
899 1787 954 1828 una
977 1786 1073 1828 earum

71 1852 163 1914 arbor
179 1854 207 1912 iu
222 1849 319 1912 Ghora
335 1870 402 1912 esse
425 1851 560 1928 traditur,
582 1871 636 1913 una
658 1863 686 1914 et
708 1871 894 1931 syagrorum,
915 1853 1073 1930 mirumque

0 1962 1 1967 ¹
33 1935 111 2002 code
128 1955 163 1996 ea
180 1937 353 2015 accipimus,
377 1955 439 1997 cum
456 1937 599 2015 phoenice
620 1956 690 2016 ave,
713 1956 788 2017 quae
804 1947 917 2017 putatur
934 1956 970 1996 ex
991 1938 1074 1996 huius

72 2020 188 2100 palmae
205 2028 373 2097 argumento
387 2038 491 2080 nornen
506 2023 676 2100 accepisse,
692 2023 840 2082 intermori
857 2041 891 2082 ac
905 2023 1020 2080 renasci
1036 2039 1073 2080 ex

71 2106 189 2183 seipsa,
221 2113 358 2182 eratque,
392 2121 456 2164 cum
478 2105 650 2182 proderem,
684 2105 797 2164 iertilis.
838 2123 952 2184 pomum
978 2105 1116 2181 ipsumts

71 2187 201 2268 grande,
220 2189 335 2262 durum,
358 2185 505 2247 horridum
522 2197 551 2246 et
567 2207 583 2247 a
602 2189 709 2247 ceteris
724 2187 882 2264 generibus
905 2186 1012 2246 distans
1028 2205 1073 2246 sa·

71 2289 148 2352 pore
164 2272 286 2350 quodam
301 2271 412 2330 ferinae
430 2271 459 2330 in
473 2271 551 2350 apris
567 2271 801 2346 evidentissimo,
826 2288 900 2349 quae
918 2287 1005 2330 causa
1022 2287 1072 2329 no·

36 2356 167 2422 suminis.
199 2355 306 2430 Quarta
321 2355 478 2415 auctoritas
494 2355 671 2416 sandalidum
686 2355 897 2416 asimilitudine
911 2353 1071 2432 appellata·

1 2478 3 2484 r
71 2459 145 2500 rum.
176 2440 230 2499 iam
245 2441 273 2498 in
288 2437 462 2518 Aethiopiae
478 2439 533 2500 dne
549 2439 675 2519 quinque
691 2439 789 2500 harum
802 2440 850 2518 qui
868 2438 1012 2518 plurumas
1029 2456 1072 2498 ar·

72 2525 163 2586 bores
178 2523 305 2598 tradunt,
330 2540 387 2582 non
409 2525 525 2584 raritate
545 2526 636 2601 magis
660 2542 742 2604 quam
763 2524 903 2583 suavitate
925 2521 1071 2582 mirabilis.

73 2606 121 2668 Ab
137 2605 181 2668 his
198 2615 336 2682 caryotae
352 2625 482 2668 maxume
498 2607 697 2683 celebrantur,
716 2618 745 2667 et
762 2607 827 2667 cibo
844 2607 958 2686 quidem
974 2606 1026 2666 sed
1043 2614 1117 2668 etit

73 2709 146 2754 suco
161 2690 340 2766 uberrimae,
355 2692 509 2771 exquibus
526 2695 684 2772 praecipua
700 2693 763 2750 vina
780 2693 899 2766 orienti,
916 2692 1011 2769 iniqua
1028 2709 1073 2751 ca·

38 2776 142 2855 sopiti,
159 2775 233 2836 unde
250 2792 336 2853 pomo
351 2793 464 2834 nomeu.
496 2777 548 2836 sed
564 2785 594 2835 ut
611 2777 695 2855 copia
713 2776 751 2834 ibi
768 2784 853 2853 atque
869 2775 1018 2850 fertilitas,
1036 2776 1074 2834 ita

1 2897 2 2902 κ
73 2859 208 2920 nobilitas
232 2859 261 2918 in
281 2858 402 2934 iudaea,
429 2878 485 2920 nec
509 2862 537 2919 in
558 2869 635 2936 tota,
663 2860 716 2919 sed
737 2858 904 2920 Hiericunte
930 2875 1072 2931 maxume,

1 2953 3 2989 ¹
74 2961 244 3023 quamquam
257 2943 389 3004 laudatae
406 2954 434 3003 et
443 2943 619 3004 Archelaide
637 2953 665 3004 et
680 2941 833 3004 Phaselide
846 2954 934 3022 atque
944 2940 1072 3016 Liuiade,

1 3035 3 3054 '
66 3028 169 3106 'gentis
192 3027 320 3089 eiusdem
343 3025 532 3088 convallibus.
563 3028 615 3087 dos
636 3028 680 3088 his
703 3028 859 3106 praecipua
882 3043 952 3086 suco
975 3025 1073 3103 pingui

1 3101 3 3156 l
72 3111 247 3172 lactentibus
260 3111 440 3190 quodamque
452 3114 510 3171 vini
522 3129 628 3189 sapore
641 3112 669 3170 in
680 3110 768 3171 melle
780 3111 941 3190 praedulci.
959 3109 1069 3168 Siccio·
1080 3114 1116 3171 td

1 3203 3 3236 ³
34 3213 122 3258 aures
138 3214 177 3256 ex
191 3195 248 3256 hoc
260 3214 370 3272 genere
381 3197 504 3272 nicolai,
522 3196 573 3256 scd
589 3195 781 3272 amplitudinis
794 3196 986 3275 praecipuae,
1004 3210 1072 3270 qua·

72 3281 149 3340 terni
165 3279 325 3339 cubitorum
335 3280 542 3358 longitudinem
558 3279 694 3339 efficiunt.
721 3278 813 3340 bliuus
831 3279 1003 3357 speciosae,
1020 3274 1073 3335 sed

72 3381 180 3444 sapore
194 3374 374 3438 caryotarum
386 3381 505 3425 sorores
519 3373 548 3422 ct
557 3363 595 3422 ob
608 3363 664 3422 hoc
677 3362 846 3442 adelphides
860 3361 952 3422 dictae
966 3378 1071 3440 proxu-

70 3467 146 3511 mam
169 3449 336 3510 suavitatem
363 3447 487 3525 habent,
517 3463 574 3507 non
601 3457 696 3508 tamen
719 3446 847 3507 eandem.
888 3444 1014 3506 Tertium
1034 3463 1071 3508 ex
