2444 3908
432 608 468 691 a.
497 608 642 691 rnrnr
671 605 899 690 snonnnr
964 675 969 683 .
1080 541 1087 550 ¹

259 761 636 883 ,tribuitis
688 755 1072 853 utttttttilt

257 909 261 917 ’
496 921 673 990 brnen
706 919 834 986 v111.

581 1084 747 1094 -.-.----

158 1279 173 1332 l
247 1265 320 1346 Cap.
346 1272 372 1328 1.
397 1267 491 1344 (sect.
518 1268 560 1346 1.)
597 1267 643 1328 nd
666 1268 776 1346 reliqua
796 1275 973 1326 transeamus
998 1265 1145 1326 animalia
1168 1271 1192 1324 et

183 1352 304 1430 primum
332 1351 489 1412 terrestria.
544 1349 705 1410 Maxumum
724 1360 769 1410 est
790 1349 928 1429 elephans
953 1364 1191 1426 proxumamque

183 1431 311 1496 bumanis
327 1433 476 1508 sensibus,
500 1437 606 1514 quippe
625 1435 789 1496 intellectus
809 1434 866 1494 illis
889 1434 1033 1494 sermonis
1059 1433 1191 1510 patriict

183 1520 367 1595 imperiorum
382 1517 545 1578 obedientia
562 1518 780 1596 officiorumque
798 1534 873 1596 quae
887 1517 1018 1577 didicere
1035 1516 1191 1586 memoria,

184 1603 290 1658 amoris
308 1610 336 1659 et
360 1601 470 1678 gloriae
492 1602 643 1680 voluptas,
665 1603 749 1660 immo
764 1617 852 1675 vero,
874 1617 949 1677 quae
972 1599 1063 1658 etiam
1091 1601 1122 1658 in
1144 1597 1206 1672 bot

184 1685 259 1740 mine
273 1701 354 1756 rara,
373 1684 518 1762 probitas,
541 1685 705 1762 prudentia,
725 1684 871 1762 aequitas,
894 1684 997 1759 religio
1012 1699 1142 1761 quoque
1158 1681 1189 1742 el·

154 1766 431 1845 sacramentisque
452 1785 486 1827 ae
502 1769 586 1828 lunae
607 1768 766 1828 veneratio.
811 1776 945 1827 auctores
967 1775 1034 1824 sunt
1059 1767 1093 1824 in
1117 1763 1188 1826 blar-

185 1850 311 1908 retaniae
332 1851 451 1911 saltibus
474 1851 508 1912 ad
530 1851 670 1929 quendam
691 1869 801 1912 amnem
822 1851 867 1910 cui
889 1867 993 1910 nomen
1020 1858 1069 1908 est
1095 1845 1188 1908 Amilo

184 1934 344 1993 nitescente
370 1933 436 1993 luna
458 1951 530 1994 nova
553 1953 661 2012 greges
689 1952 788 1996 eorum
812 1933 994 1994 descendere
1019 1932 1129 2010 ibique
1162 1947 1189 1990 se

184 2015 360 2094 purificantis
381 2017 559 2077 sollemniter
575 2035 649 2096 aqua
665 2017 871 2095 circumspergi
898 2026 983 2094 atque
999 2017 1040 2076 ita
1058 2016 1210 2076 salutatos

183 2099 278 2158 sidere
300 2102 327 2159 in
346 2100 435 2160 silras
452 2102 561 2160 reverti
574 2101 727 2162 vitulorum
742 2101 877 2178 fatigatos
900 2117 970 2178 prae
994 2117 1028 2158 se
1051 2098 1188 2160 ferentis.

147 2182 292 2244 ballenae
312 2201 428 2263 quoque
451 2184 601 2262 religionis
620 2183 769 2245 intellectu
793 2185 948 2244 creduntur
971 2184 1063 2242 maris
1086 2183 1188 2244 transi·

182 2269 236 2326 turi
252 2285 309 2326 nou
326 2271 486 2329 antenoris
502 2269 701 2330 conscendere
714 2286 798 2346 quam
812 2267 922 2342 inritati
933 2268 1062 2326 rectoris
1081 2267 1189 2326 iureiu-

180 2351 269 2410 rando
287 2351 327 2411 de
345 2352 453 2412 reditu.
480 2354 593 2430 visique
615 2361 680 2412 sunt
700 2351 771 2410 lessi
795 2349 992 2427 aegritudine,
1016 2351 1141 2427 quando
1164 2355 1189 2408 et

181 2433 246 2491 illas
261 2435 345 2494 molis
364 2436 499 2494 infestant
523 2436 632 2511 morbi,
654 2433 761 2496 herbas
782 2436 875 2512 supini
896 2435 924 2492 in
945 2433 1062 2492 caelum
1079 2435 1208 2494 iacies-c

181 2521 236 2584 tes,
255 2515 344 2573 veluti
359 2515 464 2574 tellure
481 2517 620 2593 precibus
636 2517 779 2593 adlegatu.
812 2511 875 2576 na'nr
895 2515 972 2594 quod
996 2515 1032 2576 ad
1052 2515 1186 2580 docilita-

181 2602 238 2650 tem
254 2598 354 2654 attinet
369 2614 468 2672 regem
484 2598 614 2672 adorant,
632 2618 726 2678 genua
743 2599 920 2675 submittunt,
947 2617 1077 2660 coronas
1096 2601 1186 2680 porri·

87 2684 89 2689 ·
180 2685 258 2750 gunt.
293 2675 370 2736 Indis
388 2689 467 2738 arant
483 2681 620 2755 minores,
641 2701 713 2762 quos
733 2685 881 2762 appellant
895 2683 1013 2743 nothos.

149 2765 168 2819 4
235 2757 264 2816 2.
283 2757 345 2838 (2.)
358 2759 466 2821 Romae
481 2764 568 2822 iuncti
575 2767 693 2841 primum
701 2767 817 2828 subiere
833 2785 947 2827 currum
957 2763 1188 2845 Pompeiblagni

180 2839 281 2900 Africo
294 2844 454 2921 triumpho,
471 2846 547 2923 quod
571 2849 651 2923 prius
673 2849 749 2910 lndia
771 2852 847 2911 ricta
860 2850 1057 2928 triumpbante
1077 2851 1210 2912 Liberos

179 2933 262 3001 patre
278 2935 459 2986 memoratur.
495 2929 635 2989 Procilius
650 2943 736 3009 negat
754 2936 885 3013 potuisse
901 2935 1023 3012 Pompei
1037 2935 1184 3014 triumpho

180 3009 292 3066 iunctos
308 3009 409 3083 egredi
426 3021 518 3086 porta.
541 3011 701 3074 Germanici
714 3011 849 3078 Caesaris
868 3035 989 3080 munere
1005 3019 1184 3096 gladiatorio

146 3100 163 3150 ὁ
175 3092 315 3167 quosdam
327 3092 411 3150 etiam
423 3093 584 3155 inconditos
597 3107 690 3159 motus
704 3099 821 3160 edidere
830 3102 993 3162 saltantium
1003 3103 1107 3164 modo.
1127 3101 1184 3163 vol·

178 3189 249 3248 gare
267 3183 329 3234 erat
346 3193 399 3253 per
415 3192 499 3236 auras
521 3195 598 3238 arma
614 3181 713 3238 iacere
733 3199 790 3242 non
812 3184 1012 3246 auferentibus
1028 3189 1132 3247 ventis
1147 3193 1184 3248 at·

178 3271 234 3330 que
254 3259 328 3316 inter
350 3276 383 3316 se
404 3256 593 3336 gladiatorios
615 3280 791 3338 congressus
814 3268 903 3328 edere
930 3279 978 3328 aut
1006 3268 1213 3330 lascivientes

179 3340 313 3430 pyrriche
333 3341 499 3403 conludere.
538 3353 641 3419 postea
662 3355 691 3404 et
713 3365 766 3423 per
781 3347 856 3408 funis
878 3351 1045 3429 incessere,
1070 3352 1186 3416 lecticis

180 3425 263 3478 ctiam
280 3422 408 3484 ferentes
426 3426 554 3502 quaterni
575 3428 703 3504 singulos
724 3425 886 3509 puerperas
903 3431 1055 3512 imitantis,
1075 3438 1184 3516 plenis·
