2482 3910
298 171 377 217 nar.
401 171 491 220 mnu.
510 172 543 218 x.
560 167 679 238 69-373.
699 159 848 247 (ss—94.)
1006 163 1063 222 155

63 325 161 404 piant,
185 322 357 397 distrahant,
380 332 505 398 teneant,
525 333 664 401 premant,
680 323 834 402 pendeant,
850 325 982 390 tellurem
999 346 1062 388 sca·

62 409 142 468 bere
165 424 221 466 non
238 416 363 466 cessent.
714 411 718 428 ¹

133 490 182 550 72.
199 489 283 568 (92.)
312 490 439 550 Venonis
466 508 590 567 capreae
616 499 645 550 et
670 492 850 566 coturnices,
867 501 897 551 ut
912 492 1043 572 diximus,
1054 505 1104 560 197

64 577 273 655 pinguescunt,
290 574 483 652 placidissima
507 573 647 649 animalia,
665 584 695 633 at
713 584 867 652 serpentes
883 578 957 652 ovis,
974 597 1058 656 spec·
1072 580 1094 612 ⁸⁹
1186 616 1188 626 ·

42 660 155 720 standa
171 658 284 736 quidem
299 659 454 718 draconum
470 666 540 717 arte.
566 667 614 718 aut
629 658 805 734 onimlsolida
820 657 960 737 hauriunt,
974 663 998 719 si
1007 663 1062 722 inm

64 745 171 804 lauces
187 742 317 820 capiunt,
344 759 417 820 quae
433 741 536 820 deiude
547 743 581 824 in
596 751 689 801 semet
704 741 849 805 convoluti
869 742 1001 820 frangunt
1021 747 1061 804 in·

65 838 112 888 tus
128 835 214 904 atque
232 827 270 885 ita
287 826 428 903 putamina
441 827 615 900 extussiunt,
636 835 683 886 aut
703 827 727 885 si
751 828 878 886 tenerior
896 837 940 886 est
961 830 1061 888 catulis

67 911 164 972 adhue
179 919 269 983 aetas,
288 908 360 968 orbe
377 908 556 987 adprehensa
572 909 669 987 spirae
685 911 722 970 ita
739 911 846 969 sensim
863 912 1061 972 vehementer·

68 1013 125 1074 que
143 994 366 1072 praestringunt,
379 1002 409 1052 ut
425 1001 565 1071 amputata
581 1002 662 1070 parte
680 1012 734 1052 ceu
746 992 843 1053 ierroe
860 995 970 1072 reliqua
988 1001 1061 1074 quae

33 1099 58 1142 lo
68 1078 203 1155 amplexu
219 1086 332 1135 tenetur
348 1077 494 1136 sorbeant.
527 1077 611 1136 simili
633 1077 718 1135 modo
736 1077 836 1138 avibus
854 1077 998 1138 devoratis
1014 1097 1061 1139 so·

68 1161 133 1220 lidis
151 1162 334 1220 contentione
349 1160 473 1238 plumam
490 1161 786 1220 excitamrevomunt.

130 1244 213 1322 (93.)
237 1245 414 1322 Scorpiones
435 1253 511 1302 terra
532 1245 638 1302 vivont.
669 1252 832 1321 serpentes,
844 1237 913 1304 ¹cum
927 1247 1045 1304 occasio
1054 1255 1104 1310 198

69 1338 123 1404 est,
143 1330 236 1386 vinum
252 1329 409 1406 praeprne
427 1328 571 1403 adpetunt,
589 1345 651 1398 cunr
669 1327 776 1404 alioqui
792 1328 898 1403 exiguo
916 1327 1062 1404 indigeant

68 1421 147 1492 potu.
179 1411 299 1472 eaedem
314 1412 435 1470 minume
453 1419 481 1470 et
498 1429 590 1487 paene
606 1409 685 1468 nullo
701 1409 777 1486 cibo,
796 1429 859 1470 cnm
873 1411 1060 1470 adservantur

32 1499 208 1569 1sinetusae,
225 1496 308 1554 sicuti
324 1495 421 1554 aranei
438 1511 564 1571 quoqne,
588 1493 696 1572 alioqui
713 1503 795 1552 suctu
811 1495 950 1554 viventes.
979 1494 1059 1554 ideo·

69 1599 124 1658 que
145 1578 252 1637 nullum
273 1579 369 1637 interit
386 1578 460 1636 ieme
477 1586 524 1636 aul
551 1579 596 1636 siti
614 1585 793 1652 venenatum.
826 1596 888 1637 nam
903 1583 995 1655 neque
1015 1596 1060 1638 oa·

68 1663 112 1722 lor
129 1662 173 1723 bis
191 1681 246 1721 nec
262 1663 378 1738 sanguis
394 1679 449 1720 nec
464 1661 567 1735 sudor,
588 1679 661 1737 qnae
679 1661 840 1722 aviditatem
858 1663 979 1721 naturali
997 1662 1058 1720 sale
1078 1711 1082 1722 .

38 1748 40 1752 ’
68 1755 183 1822 augent.
212 1747 239 1804 in
258 1762 314 1824 quo
332 1762 443 1821 genere
460 1746 552 1804 omnia
572 1746 665 1820 magis
680 1745 816 1820 exitialia,
834 1746 857 1804 si
872 1764 953 1804 suum
968 1763 1059 1821 genus

69 1830 156 1889 edere
182 1837 333 1906 antequam
355 1825 487 1888 noceant.
522 1825 624 1888 Condit
643 1830 671 1887 in
694 1827 844 1888 thesauros
867 1828 1102 1894 maxillarum199

31 1914 162 1978 aocibum
179 1912 374 1991 sphingiorum
393 1921 422 1971 et
441 1921 599 1986 satyrorum
616 1931 717 1988 genus.
740 1930 807 1971 mon
822 1912 887 1973 inde
902 1915 1007 1972 sensim
1024 1912 1060 1971 ad

66 1995 254 2058 mandendum
276 1994 403 2054 manibus
427 1997 587 2076 expromit,
616 2004 645 2053 et
663 1996 739 2072 quod
764 1996 890 2054 formicis
917 1999 945 2054 in
959 2014 1060 2056 annunt

66 2081 208 2140 sollemne
230 2087 274 2138 est
290 2079 333 2138 bis
348 2078 453 2138 indies
468 2079 516 2136 vel
532 2078 627 2136 boras.
660 2079 708 2136 73.
732 2077 822 2135 Unum
836 2079 937 2136 animal
953 2079 1060 2154 digitos

66 2164 230 2224 habentium
245 2161 335 2222 herba
352 2163 446 2236 alitur,
473 2162 567 2238 lepus,
586 2160 637 2218 sed
654 2170 682 2220 et
693 2161 786 2236 fruge.
806 2159 982 2237 solidipedes
1000 2170 1059 2218 ete

66 2239 187 2307 bisulcis
202 2264 269 2305 sues
285 2248 359 2305 omni
375 2245 470 2304 cibatu
485 2253 513 2303 et
528 2242 680 2302 radicibus.
713 2240 902 2318 solidipedum
921 2241 1059 2302 volutatio

31 2331 195 2410 obpropria.
231 2331 412 2388 Serratorum
429 2327 553 2388 dentium
568 2327 717 2385 carnivora
739 2335 802 2384 sunt
820 2325 921 2384 omnia.
951 2327 1009 2384 ursi
1031 2333 1060 2382 et

65 2415 162 2490 fruge,
177 2412 290 2484 fronde,
303 2412 453 2484 vindemia,
467 2411 558 2488 pomis
570 2411 667 2468 vivont
682 2419 710 2468 et
723 2408 834 2487 apibus,
852 2410 963 2467 cancris
975 2411 1059 2468 etiam

66 2517 100 2558 ac
114 2497 254 2557 lormicis.
274 2497 343 2574 lupi,
368 2505 396 2554 nt
412 2495 548 2568 diximus,
573 2502 601 2552 et
615 2503 692 2554 terra
708 2494 735 2551 in
750 2493 835 2552 lame.
862 2491 955 2550 Pecus
971 2502 1041 2570 potu
1050 2502 1102 2554 200

66 2581 246 2660 pinguescit,
264 2580 331 2638 ideo
353 2579 396 2638 sal
416 2578 472 2637 illis
492 2577 663 2656 aptissimus.
694 2577 761 2636 item
782 2577 927 2650 veterina,
953 2575 1101 2654 spurcam-⁸283
1133 2624 1139 2634 ,

66 2684 151 2743 quarn
168 2673 198 2722 et
211 2663 295 2740 fruge
313 2673 342 2722 et
356 2661 455 2726 herba.
486 2662 539 2721 sed
556 2669 585 2720 ut
602 2659 703 2720 bibere
726 2661 767 2718 sic
784 2660 879 2719 edunt.
911 2659 1061 2719 Ruminant

33 2772 57 2813 m
67 2757 186 2827 praeter
201 2749 256 2807 iam
274 2747 348 2806 dicta
363 2746 534 2804 silvestrium
550 2747 638 2819 cervi,
655 2743 748 2804 cuma
763 2741 846 2802 nobis
863 2743 985 2819 aluntur,
1001 2762 1059 2803 om·

65 2834 112 2890 nia
127 2840 222 2892 autem
238 2831 360 2890 iacentia
375 2831 469 2906 potins
487 2846 570 2906 qnam
588 2827 700 2901 stantia,
717 2835 746 2886 et
760 2825 853 2886 bieme
870 2828 961 2903 magis
977 2843 1059 2904 quam

64 2924 188 2989 aestate,
208 2914 336 2991 septenis
350 2913 413 2972 fere
431 2911 584 2971 mensibus.
611 2912 719 2989 pontici
735 2926 850 2988 quoqne
865 2929 960 2971 mures
976 2908 1059 2968 simili

63 2999 152 3060 modo
169 2998 344 3057 remandunt.

130 3080 267 3160 (94.)„ln
288 3090 357 3158 potu
381 3087 474 3138 autem
495 3077 596 3155 quibus
619 3079 721 3138 serrati
742 3078 844 3138 dentes
863 3075 998 3148 lambunt,
1015 3081 1100 3134 ettbl

33 3183 163 3228 ssmures
175 3165 204 3224 bi
219 3164 367 3240 volgares,
385 3161 512 3241 quamvis
528 3181 565 3220 ex
580 3161 636 3219 alio
650 3179 760 3236 genere
776 3164 840 3220 sint.
873 3157 976 3237 quibus
992 3172 1058 3214 oon-

64 3250 137 3309 tinui
152 3247 254 3312 dentes
269 3247 400 3321 sorbent,
415 3256 445 3306 ut
456 3247 533 3322 equi,
545 3245 646 3304 boves.
662 3254 792 3304 neutrum
806 3244 876 3318 ursi,
892 3242 943 3301 sed
959 3258 1060 3318 aquam

65 3349 185 3411 quoque
202 3349 300 3392 morsu
315 3340 427 3392 vorant.
459 3328 490 3390 ln
506 3329 604 3388 Africa
619 3330 709 3388 maior
727 3347 795 3408 pars
810 3328 935 3386 ferarum
948 3333 1058 3386 aestate

63 3434 122 3476 non
139 3415 238 3476 bibunt
253 3417 349 3494 inopia
365 3415 508 3488 imbrium,
526 3430 608 3490 quam
629 3413 666 3471 ob
686 3429 799 3472 causam
815 3411 891 3487 capti
905 3425 1000 3468 mures
1015 3407 1059 3468 Li-
