2444 3908
302 219 381 266 nan.
397 217 488 289 mrsu.
505 219 577 266 viu.
595 217 678 270 1—4.
695 208 815 288 (1-5.)
1009 212 1054 274 ’43

45 392 115 453 que
128 373 243 432 bomine
255 351 558 434 tricliniis'adcubitum
573 377 634 434 iere
647 393 701 453 par
716 375 810 436 lectos
825 379 863 436 ita
877 377 987 438 libratis
1004 399 1054 438 va·

47 459 163 534 stigiis,
181 475 216 514 ne
233 457 297 535 quis
313 458 469 534 potantium
485 460 682 535 attingeretur.
907 525 910 533 ,
1024 517 1026 521 .

120 541 150 604 3,
167 539 230 619 (3.)
247 538 364 600 Certum
376 550 421 600 est
436 559 520 600 unum
534 543 668 603 tardioris
681 545 778 622 ingeni
791 545 968 622 accipiendis
983 564 1057 624 quae
1073 557 1089 612 6

45 624 245 685 tradebantur
259 626 375 702 saepius
396 627 566 703 castigatum
588 627 763 690 verberibus
785 628 887 714 eadem
903 628 952 689 illa
968 631 1055 689 medi-

13 719 167 770 stantem
186 718 273 768 noctu
295 718 451 786 repertum.
481 711 582 770 mirum
603 729 734 774 maxume
752 721 782 772 et
795 711 925 772 adversis
943 713 1057 790 quidem

44 793 172 854 funibus
188 792 304 868 subire,
326 794 379 859 sed
394 792 511 870 regredi
539 796 629 871 magis
651 797 755 874 utique
771 797 884 875 procis.
915 794 1057 856 blutianus

38 887 100 950 ¹ter
116 877 220 936 consul
232 885 331 938 auctor
343 877 523 955 estatiquem
535 895 572 936 ex
584 879 628 938 his
643 889 672 940 et
684 880 841 940 litterarum
851 879 954 938 ductus
968 878 1056 939 Grae-

32 973 156 1022 ·carum
172 961 308 1021 didicisse
327 953 501 1037 solitumque
522 963 708 1040 perscribere
729 965 791 1025 eius
814 965 928 1040 linguae
943 961 1055 1023 verbis:

46 1046 144 1125 lpse
165 1061 233 1120 ego
255 1045 346 1105 baec
362 1046 502 1122 scripsi
525 1055 560 1104 et
591 1047 717 1125 spolia
738 1045 885 1108 Celtica
921 1047 1056 1122 dicavi,

7 1135 36 1178 w
46 1133 184 1206 itemque
201 1147 234 1187 se
246 1128 361 1188 vidente
373 1127 513 1204 Puteolis,
530 1148 593 1190 cum
605 1131 751 1192 advectie
764 1149 836 1190 nave
853 1131 956 1208 egredi
969 1148 1057 1208 coge·

46 1223 167 1287 rentur,
184 1213 300 1283 territos
314 1215 408 1290 spatio
424 1215 520 1291 pontis
535 1215 638 1292 procul
654 1234 670 1274 a
687 1217 851 1275 conticente
866 1216 1006 1293 porrecti,
1028 1225 1058 1274 ut

47 1316 125 1358 sese
149 1297 363 1374 longinquitatis
392 1299 599 1358 aestumatioue
625 1299 777 1374 fallerent,
804 1315 925 1358 aversos
949 1307 1057 1358 retror-

47 1399 105 1442 sus
124 1395 195 1440 isse.

117 1464 182 1543 (t.)
203 1465 341 1526 Praedam
355 1466 410 1543 ipsi
426 1465 454 1523 in
472 1483 504 1523 se
521 1465 713 1544 expetendam
728 1467 822 1526 sciunt
839 1466 931 1526 solam
947 1483 1015 1528 esse
1029 1467 1089 1528 in'l

8 1559 38 1602 1⁵
50 1550 147 1610 armis
163 1551 232 1624 suis,
256 1547 329 1626 quae
344 1548 414 1609 Iuba
429 1565 535 1609 cornua
554 1551 692 1628 appellat,
713 1549 878 1610 Herodotus
894 1556 971 1610 tanto
986 1551 1057 1610 anti·

50 1635 142 1712 quior
160 1643 188 1692 et
205 1633 382 1694 consuetudo
398 1633 500 1692 melius
517 1633 619 1694 dentis.
633 1635 820 1713 quamobrem
835 1635 973 1696 deciduos
989 1653 1058 1694 casu

50 1718 156 1795 aliquo
176 1716 222 1775 vel
240 1726 358 1776 senecta
374 1716 531 1778 defodiunt.
562 1719 618 1778 hoc
635 1720 729 1779 solum
744 1718 884 1780 eburest.
916 1727 1016 1778 cetero
1030 1728 1058 1778 et

50 1805 82 1861 in
103 1801 151 1860 his
177 1817 293 1878 quoque
321 1819 376 1880 qua
399 1819 506 1880 corpus
531 1804 633 1863 intexit
647 1803 742 1863 vilitas
758 1819 856 1878 ossea,
889 1819 1058 1881 quamquam

50 1903 151 1964 nuper
165 1901 233 1943 ossa
250 1886 335 1944 etiam
350 1887 379 1944 in
394 1885 501 1946 lamnas
517 1888 612 1946 secari
629 1905 757 1966 coepere
774 1889 922 1965 paenuria.
953 1888 1058 1946 etenim

12 1985 42 2026 ao
50 1987 121 2030 rara
137 1969 295 2046 amplitudo
312 1971 368 2029 iam
385 1970 509 2029 dentium
523 1980 727 2049 praeterquam
745 1991 783 2030 ex
802 1971 882 2032 lndla
895 1971 1056 2049 reperitur,

52 2063 158 2114 cetera
173 2055 201 2110 in
217 2061 318 2112 nostro
332 2053 405 2112 orbe
425 2071 545 2114 cessere
562 2055 701 2116 luxuriae.
733 2056 858 2116 dentium
874 2055 1000 2115 candore
1016 2056 1056 2114 iu·
1070 2051 1088 2114 8

50 2138 207 2214 tellegitur
223 2138 346 2196 iuventa.
375 2139 451 2197 circa
459 2138 519 2220 ,bos
530 2137 624 2198 beluis
641 2157 748 2198 summa
765 2155 843 2200 cura.
865 2140 983 2199 alterius
998 2157 1057 2198 mu·

53 2223 137 2282 croci
160 2229 290 2298 parcunt,
309 2240 345 2280 ne
364 2222 400 2280 sit
422 2221 543 2299 proeliis
565 2221 674 2297 hebes,
698 2223 816 2282 alterius
844 2222 980 2300 operario
1005 2239 1058 2280 usu

52 2305 168 2366 fodiunt
184 2304 317 2380 radices,
340 2305 481 2383 inpellunt
498 2305 593 2364 molis.
629 2307 873 2383 circumventique
897 2305 1056 2364 avenanti·

17 2390 109 2449 asbus
124 2388 234 2468 primos
250 2390 422 2450 constituunt
439 2388 542 2468 quibus
560 2397 624 2448 sunt
634 2390 757 2464 minumi,
777 2407 814 2448 ne
831 2389 900 2448 tanti
915 2387 1057 2467 proelium

56 2483 186 2554 putetur,
211 2482 314 2551 postea
337 2474 408 2533 lessi
422 2475 555 2551 inpactos
572 2472 669 2533 arbori
690 2474 823 2550 frangunt
841 2473 1009 2551 praedaque
1024 2490 1057 2530 se
1139 2478 1145 2499 ⁸

55 2559 213 2618 redimunt,

119 2643 148 2702 4.
169 2641 227 2719 (5.)
247 2641 348 2702 blirum
363 2643 390 2702 in
412 2641 568 2720 plerisque,
578 2642 738 2702 animalium
753 2641 830 2700 scire
851 2658 940 2719 quare
962 2646 1089 2718 petam-9

57 2735 117 2801 tur,
140 2725 194 2788 sed
220 2744 273 2803 per
296 2735 397 2786 cuncta
419 2727 486 2804 quid
509 2735 639 2788 caveant.
669 2723 809 2802 elephans
829 2725 944 2784 homine
970 2723 1056 2784 obvio

23 2809 132 2870 aolortc
150 2810 178 2868 in
193 2809 348 2869 solitudine
371 2819 400 2869 et
415 2809 585 2889 simpliciter
600 2809 754 2870 oberrante
767 2808 895 2867 clemens
912 2805 1056 2886 placidus·

58 2912 114 2972 que
135 2894 221 2952 etiam
245 2892 443 2952 demonstrare
460 2895 533 2952 viam
549 2893 679 2966 traditur,
705 2891 781 2952 idem
795 2893 921 2968 vestigio
935 2887 1056 2949 bominis

58 2977 258 3038 animadverso
271 2979 351 3054 prius
363 2995 447 3054 quam
458 2976 572 3036 bomine
583 2977 782 3034 intremiscere
793 2973 956 3034 insidiarum
968 2977 1056 3042 metu,

59 3061 230 3136 subsistere,
241 3060 282 3128 ab
298 3059 407 3120 ollactu
423 3061 680 3134 circumspectare,
692 3058 756 3118 iras
772 3057 909 3137 probare,
928 3071 984 3113 nec
998 3049 1058 3108 cal·

58 3163 136 3220 care,
154 3145 207 3204 sed
223 3155 333 3204 erutum
350 3159 492 3221 proxumo
509 3140 635 3217 tradere,
651 3142 731 3202 illum
743 3142 889 3221 sequenti,
906 3136 1003 3198 nuntio
1020 3149 1057 3230 st:

26 3229 116 3289 omitt
132 3247 225 3306 usque
247 3230 283 3289 ad
301 3237 474 3302 extremum,
511 3235 578 3284 tnnc
603 3243 707 3302 agmen
725 3225 880 3299 circumagi
900 3230 929 3278 et
949 3224 1057 3276 reverit

9 3361 12 3372 .
60 3315 209 3392 aciemque
237 3313 331 3392 dirigi.
376 3312 452 3373 adeo
481 3311 603 3370 omnium
637 3309 720 3369 odori
743 3309 845 3368 durare
881 3304 959 3361 virus
986 3298 1058 3396 illud

59 3399 167 3458 maiore
196 3416 234 3456 ex
261 3407 344 3475 parte
370 3414 406 3455 ne
422 3393 560 3456 nudorum
582 3393 697 3472 quidem
717 3391 831 3471 pedum.
863 3387 917 3481 Sic.
930 3393 959 3442 et
974 3384 1056 3457 tigris
1069 3389 1102 3441 10

61 3485 143 3542 etiam
163 3481 235 3542 ieris
257 3481 366 3542 ceteris
393 3479 555 3540 truculenta
578 3487 665 3556 atque
687 3479 750 3554 ipsa
773 3470 918 3550 elephanti
942 3481 1059 3545 quoquc
