2462 3900
134 225 195 288 300
475 235 780 285 o.an1u1ancuun1

132 391 229 469 pharit
245 390 281 450 de
297 387 413 466 Corsis,
435 401 527 466 myrto
543 401 710 452 coronatum
729 391 813 452 ludos
828 389 975 454 Circensis
991 405 1127 473 spectare
1146 417 1156 430 ·

132 475 257 534 solitum.
285 491 356 536 avos
378 483 522 534 maternus
536 475 665 534 Africani
689 475 838 554 sequentis
860 475 907 535 hic
921 477 983 536 init.
1012 478 1127 539 liareus

130 558 264 618 Valerius
285 557 397 618 duabus
419 560 534 619 coronis
549 559 699 634 utebatur,
722 560 821 620 laurea
835 569 864 618 at
878 571 1008 637 myrtea,
1032 565 1128 641 quiet

132 641 189 702 hoc
202 651 333 702 voverat.

89 734 140 790 ιιι
215 726 264 786 30.
288 726 371 804 (39.)
399 724 508 785 laurus
527 725 676 803 triumphis
699 727 818 805 propria
840 727 966 803 ditatur,
993 729 1043 790 rel
1060 746 1149 806 grass

130 812 238 870 tissima
248 804 390 884 domibus,
407 810 520 868 ianitrix
530 807 685 870 Gaesarem
699 811 932 889 pontificumque.
955 811 1020 872 sola
1032 823 1061 873 ct
1073 815 1129 874 do·
1221 829 1222 834 ¹

129 911 192 954 mos
207 903 328 953 exornat
342 903 371 952 et
385 903 451 952 ante
467 893 561 956 limina
571 894 706 953 excubat.
734 894 791 954 duo
810 897 871 954 eius
884 911 996 972 genera
1011 897 1130 957 tradidit
1220 947 1222 956 ,

131 977 188 1038 coli
202 976 292 1051 Cato,
308 975 478 1054 Delphicam
493 985 523 1034 ct
538 974 683 1054 Cypriam.
708 977 861 1056 Pompeius
876 977 1005 1040 lenaeus
1021 981 1128 1040 adiecit

131 1079 214 1138 quarn
231 1069 384 1120 mustacem
407 1059 582 1138 appellarit,
603 1064 735 1138 quoniam
755 1062 909 1122 mustaceis
932 1061 1127 1124 subiceretur.

129 1144 204 1204 hanc
223 1161 290 1203 esse
303 1143 375 1203 lolio
389 1160 523 1205 maxumo
535 1143 714 1222 flaccidoque
730 1154 760 1204 et
774 1143 935 1221 albicante,
951 1145 1124 1225 Delphicam
1138 1166 1164 1206 ro

92 1221 96 1232 '
130 1227 245 1307 aequali
273 1227 374 1288 colore
401 1228 582 1304 viridiorem,
612 1229 749 1288 maxumis
779 1226 861 1289 bacis
887 1238 972 1307 atque
1002 1231 1126 1290 eviridi

129 1311 307 1387 rubentibus.
343 1312 399 1373 hae
426 1313 553 1372 victores
576 1310 699 1390 Delphis
722 1312 857 1372 coronari
877 1321 907 1372 et
926 1314 1126 1392 triumphantis

129 1395 249 1456 Romae.
281 1393 416 1474 Cypriam
432 1413 499 1455 esse
514 1395 586 1456 folio
601 1395 699 1471 brevi,
722 1397 825 1472 nigro,
846 1413 901 1474 pet·
915 1399 1059 1474 margines
1076 1399 1126 1457 im-

87 1490 138 1543 128
149 1479 262 1539 bricato
277 1481 411 1558 crispam.
441 1488 544 1560 postea
559 1497 714 1552 accessere
730 1497 857 1556 genera:
881 1482 972 1556 tinus,
987 1481 1062 1540 hanc
1077 1481 1125 1540 sil·

128 1571 255 1623 ventrem
273 1563 382 1624 laurum
396 1563 483 1641 aliqui
502 1563 688 1640 intellegunt,
703 1563 831 1626 nonnulli
847 1565 891 1624 sni
906 1565 1023 1641 pencris
1039 1565 1164 1624 arbo-15

88 1658 220 1710 librent.
244 1647 340 1706 diiiert
356 1647 456 1722 color,
472 1656 517 1706 cst
532 1649 607 1707 enim
618 1647 733 1708 caerula
746 1647 828 1711 baca.
848 1649 975 1708 accessit
991 1657 1019 1708 et
1031 1650 1126 1724 regie,

130 1749 203 1810 quae
219 1732 318 1807 coepit
328 1729 459 1806 Augusta
472 1730 630 1808 appellari,
644 1731 816 1810 amplissima
834 1740 863 1790 et
878 1731 984 1793 arbore
997 1731 1127 1804 et'iolio,

128 1815 210 1873 bacis
223 1822 336 1890 gustata
352 1829 470 1892 quoquc
484 1831 542 1873 non
557 1831 674 1892 aspero.
700 1814 787 1894 aliqui
800 1824 906 1890 negant
920 1815 1041 1876 eandem
1057 1831 1127 1874 esse
1142 1811 1148 1819 ’

129 1905 158 1957 et
178 1913 258 1955 suum
273 1914 365 1973 genus
380 1898 480 1972 regiae
495 1892 602 1958 iaciunt
617 1897 797 1975 longioribus
812 1899 890 1960 loliis
906 1897 1124 1976 latioribusque.

128 1981 212 2041 iidem
231 1981 260 2040 in
280 1979 337 2039 alio
358 1997 468 2057 genere
488 1979 632 2041 bacaliam
653 1981 802 2060 appeliant
827 1982 900 2042 hanc
923 2000 997 2060 quae
1023 1983 1163 2058 veiga-aa

86 2075 137 2128 130
148 2064 255 2124 tissima
278 2073 322 2144 est
344 2063 539 2143 bacarumque
558 2064 742 2138 fertilissima.
773 2066 902 2129 sterilem
924 2083 997 2127 vero
1014 2079 1124 2140 earum,

128 2147 205 2227 quod
220 2166 349 2210 muume
365 2151 468 2224 miror,
484 2147 701 2227 triumphalem,
726 2166 819 2228 eaque
840 2149 936 2211 dicunt
950 2149 1125 2227 triumphan-

86 2253 120 2287 ιιι
132 2234 168 2292 tis
182 2233 238 2308 uti,
261 2234 316 2292 nisi
331 2232 359 2293 id
374 2250 389 2293 a
405 2234 472 2293 divo
487 2231 620 2309 dogmas
636 2234 750 2312 coepit,
772 2243 802 2294 ut
823 2233 1006 2308 docebimus,
1029 2251 1067 2292 ex
1089 2250 1125 2292 ea

127 2316 208 2376 lauru
238 2333 311 2394 quac
336 2317 363 2375 ei
387 2318 474 2377 missa
502 2335 519 2375 e
550 2316 633 2377 caelo
654 2326 699 2376 est
719 2319 839 2379 minuma
860 2316 1025 2394 altitudine,
1050 2315 1126 2386 iulio

128 2402 241 2478 crispo,
258 2399 357 2475 breui,
381 2401 496 2460 inventu
517 2417 593 2460 rara.
620 2400 734 2461 accedit
748 2402 776 2460 in
795 2401 922 2478 topiario
936 2415 1029 2478 opere
1045 2409 1162 2474 taram

128 2493 318 2544 excrescente
336 2485 364 2543 in
379 2484 475 2544 medio
489 2483 563 2544 iolio
577 2485 699 2561 parvolo
711 2484 803 2545 veluti
814 2483 916 2544 lacinia
931 2482 1001 2558 ioli,
1017 2492 1046 2544 et
1060 2485 1126 2542 sine

128 2585 162 2626 ea
183 2567 341 2644 spadonina
363 2568 434 2626 mira
454 2567 605 2645 opacitatis
629 2569 783 2646 patientia,
810 2569 907 2644 itaque
928 2565 1127 2646 quantalibeat

86 2659 136 2714 131
149 2648 202 2708 sub
222 2649 321 2710 umbra
342 2651 434 2710 solum
459 2649 561 2730 inplet.
594 2649 648 2710 list
670 2661 699 2713 et
720 2649 954 2729 chamaedaphne
979 2650 1127 2709 silvestris

127 2735 231 2793 frutex.
261 2742 307 2794 est
329 2743 357 2793 et
369 2734 579 2807 Alexandrina,
601 2750 685 2812 quam
709 2735 796 2813 aliqui
815 2734 945 2809 Idaeam,
966 2733 1013 2794 alii
1029 2733 1123 2810 hypo-

127 2817 266 2894 glcttion,
289 2817 337 2878 alii
358 2817 483 2893 danaen,
506 2817 554 2878 alii
572 2819 800 2895 carpophyllon,
823 2819 870 2881 alii
890 2817 1046 2896 hypelaten
1068 2834 1119 2876 vo·
1135 2828 1160 2869 ιι
1196 2871 1202 2901 ἰ,

128 2903 203 2961 cant.
235 2919 330 2962 ramos
347 2903 457 2980 spargit
476 2919 492 2960 a
513 2901 612 2964 radice
633 2901 827 2978 dodrantalis,
851 2903 966 2979 topiarii
986 2917 1021 2974 pc
1037 2917 1123 2958 coro·
1193 2901 1196 2906 '

126 2987 197 3044 narii
213 2988 332 3064 operis,
353 2984 425 3045 lolio
447 2985 576 3046 acutiore
595 3002 678 3062 quam
697 2987 798 3061 myrti,
820 2985 954 3046 molliore
975 2992 1005 3043 ct
1024 2982 1123 3042 eandi-

126 3069 207 3128 diore
229 3079 259 3130 et
279 3071 405 3146 maiore,
430 3070 540 3128 semine
561 3070 635 3128 inter
658 3069 727 3130 iolia
743 3069 847 3143 rubro,
872 3068 1001 3146 pluruma
1022 3069 1051 3126 in
1071 3065 1125 3126 Ida

86 3162 136 3215 132
148 3162 177 3212 et
188 3154 266 3214 circa
275 3151 447 3214 Heracleam
461 3151 561 3228 Ponti,
576 3169 631 3212 neo
646 3153 700 3212 nisi
714 3154 743 3212 in
758 3154 927 3214 montuosis.
958 3151 990 3210 ld
1004 3168 1123 3228 quoque

127 3237 203 3313 quod
217 3236 397 3315 daphnoides
411 3244 533 3298 vocatur
549 3253 642 3312 genus
662 3237 691 3295 in
712 3238 854 3298 nominum
870 3236 974 3296 ambitu
991 3245 1045 3294 eat.
1056 3285 1061 3294 ,
1072 3234 1122 3294 alii
1134 3242 1160 3283 3⁵

88 3314 93 3323 '
128 3321 201 3378 enim
216 3320 385 3398 Pelasgum,
408 3322 457 3382 alii
478 3318 630 3394 euthalon,
650 3319 697 3380 alii
719 3320 879 3398 stephanon
895 3318 1052 3380 Aitexandri
1069 3334 1122 3376 vo·
1176 3379 1179 3386 ,

127 3411 202 3462 catut.
231 3413 260 3463 et
281 3403 328 3464 hic
342 3406 437 3466 frutex
456 3412 501 3464 est
512 3419 658 3478 ramosus,
675 3406 818 3464 crassiore
837 3422 872 3464 ac
888 3402 1022 3462 molliore
1039 3417 1124 3478 quam

17 3497 20 3500 ’
127 3486 223 3580 lauans
238 3485 326 3562 totto,
347 3489 427 3548 cuius
440 3495 553 3566 gustatu
569 3486 742 3549 accendatur
756 3505 790 3548 oe
806 3497 892 3566 atque
906 3494 1018 3572 gpttur,
1040 3485 1122 3544 bacis
