2482 3910
175 181 234 244 too
499 160 812 240 ossunrnrsnoonnr

173 365 258 428 quem
278 347 363 408 exilis
386 363 468 408 antor
488 345 525 408 ab
547 346 599 406 illo
621 347 675 422 qni·
691 344 886 408 oaonminibus
910 343 1066 406 innumeris
1089 342 1183 406 raam

174 433 346 512 appellatur.
379 448 517 492 venarum
531 432 560 490 in
574 428 710 488 umbilico
726 429 819 490 nodus
836 446 872 490 ae
888 430 992 489 ooitns.
1125 476 1129 485 .

131 527 182 582 ttl
254 515 306 577 38.
322 515 407 594 (tto.)
438 516 563 591 Sanguis
584 513 689 592 quibus
716 513 822 574 multus
843 521 874 574 et
892 513 1008 594 pinguis
1037 511 1179 572 iracundi.

173 599 299 664 maribus
323 615 409 679 qnam
431 599 545 660 leminis
559 599 670 675 nigrior
684 607 714 658 et
728 598 863 658 inventae
878 613 963 677 qnam
980 597 1081 670 senio,
1096 606 1127 656 et
1140 596 1180 656 in·

174 686 283 746 leniore
306 693 389 762 purte
416 683 562 762 pinguior.
603 697 707 759 magun
730 690 761 743 et
785 683 814 742 in
835 699 873 741 eo
896 681 1045 742 vitalitatis
1073 681 1202 758 portiom

175 771 297 830 emissus
310 768 443 846 spiritum
458 783 558 832 seeum
576 766 673 842 trabit,
689 775 795 828 teotnm
811 775 907 826 tamen
920 782 980 826 non
992 766 1093 826 sentit.
1112 764 1180 824 Ani·

174 853 288 916 mulium
308 852 430 913 lortiora
451 849 555 930 quibas
571 851 707 910 erassior
722 852 856 928 sanguis,
878 851 1057 928 supientiera
1075 848 1180 926 quibus

132 938 325 1012 abutendum,
350 935 493 995 timidiora
513 934 618 1013 quibua
639 935 780 996 minumus
801 943 850 996 ant
870 934 977 996 nullas.
1021 931 1181 998 Taurorum

175 1021 328 1082 oelerrime
350 1019 409 1079 eoit
430 1028 518 1098 atque
540 1018 686 1095 duresoit‚
708 1019 779 1079 ideo
803 1019 929 1097 pestifer
949 1026 1021 1096 potu
1034 1035 1179 1078 maxume.

175 1119 311 1184 aprorum
331 1121 368 1163 ao
386 1119 540 1163 oervorunr
561 1111 842 1181 esproarumtpneet
861 1102 1043 1164 bubulorum.
1056 1103 1208 1164 omninum

175 1205 233 1248 non
255 1189 406 1267 spissatur.
438 1188 644 1266 pinguissimus
665 1188 770 1262 asinis,
793 1186 900 1248 bomini
920 1187 1116 1246 tenuissimus.
1147 1187 1181 1244 iis

175 1271 278 1352 quibas
299 1272 365 1351 plns
387 1272 517 1350 quaterni
540 1270 633 1350 pedes
654 1272 760 1332 nullus.
798 1271 899 1332 obesis
920 1272 1014 1332 minus
1029 1271 1180 1348 eoptosm,

131 1358 325 1438 autonomiam
342 1355 499 1417 absumitur
514 1356 623 1434 pingui.
641 1354 815 1416 Probusinm
832 1356 895 1414 eius
908 1356 957 1416 nui
974 1355 1006 1414 bt
1020 1355 1050 1412 in
1064 1353 1182 1416 naribus

177 1444 299 1518 homini,
317 1442 380 1502 aliis
393 1457 466 1502 nare
483 1441 637 1515 alterutra,
655 1439 718 1500 aliis
736 1448 868 1518 utraque,
886 1439 1057 1518 quibusdam
1072 1457 1130 1518 per
1142 1439 1181 1498 in·

176 1527 268 1601 ieroa,
285 1526 381 1586 moltis
395 1543 450 1604 per
466 1541 518 1584 ora
534 1533 609 1584 stato
624 1531 774 1602 tempore,
793 1533 824 1584 ut
837 1541 932 1602 nuper
945 1522 1076 1585 llaorino
1087 1522 1181 1584 ‘Visne
1188 1541 1209 1583 ιι

176 1611 325 1688 praetorio
339 1611 402 1667 viro
418 1618 448 1668 et
462 1607 595 1668 omnibus
610 1607 821 1668 annisVolnsio
830 1609 986 1684 Saturnino
1001 1606 1082 1668 urbis
1097 1625 1180 1685 prae·

176 1694 266 1768 lecto,
284 1693 333 1770 qni
346 1693 566 1770 nonagesimum
579 1693 666 1752 etiam
680 1694 938 1756 emersit-annum.
971 1691 1066 1752 solum
1080 1691 1140 1752 lroo
1155 1692 1181 1750 in

177 1792 302 1854 eorpore
326 1777 532 1854 temporariam
555 1777 644 1836 sentit
664 1778 885 1852 momentum,
903 1775 1046 1857 siqnidem
1067 1775 1181 1836 hostire

176 1859 413 1920 abundantiorem
427 1858 558 1933 fundunt,
574 1861 694 1938 sipritus
710 1859 822 1926 bibere.

133 1955 186 2008 att
256 1939 338 2024 (91.)
362 1943 444 2017 Quae
464 1943 626 2004 animalium
648 1945 741 2006 latere
762 1947 852 2006 oertis
865 1944 1046 2023 temporibus
1059 1944 1210 2006 diximnsso

133 2027 263 2105 8ιζῗιιιιι
276 2025 383 2087 hebent
396 2035 465 2088 tuno
479 2029 647 2105 sangninem
661 2037 780 2107 praeter
792 2032 913 2108 exignus
931 2028 1085 2089 admodum
1106 2031 1182 2088 oiroa

177 2113 267 2174 eorda
281 2115 390 2190 guttas,
401 2114 478 2187 ‘miro
494 2129 586 2192 opere
600 2121 732 2190 naturae,
739 2116 815 2174 siout
827 2115 855 2173 in
869 2113 985 2173 homine
1001 2113 1059 2172 vim
1071 2113 1136 2172 eius
1148 2111 1182 2172 ad
1228 2133 1230 2144 ·

175 2199 297 2258 minuma
314 2206 458 2258 momento
474 2199 591 2274 mutari,
612 2213 671 2258 non
690 2197 776 2258 modo
791 2197 872 2258 iellis
887 2205 995 2258 tautum
1010 2198 1041 2256 in
1055 2213 1112 2256 ore
1125 2215 1181 2258 ma·

176 2283 250 2343 teria
265 2283 381 2359 sonori,
404 2299 506 2342 verum
526 2282 562 2343 ad
585 2281 716 2360 singulos
734 2283 818 2344 animi
837 2279 967 2358 habitus,
985 2281 1112 2361 pudore,
1130 2283 1181 2356 ire,

175 2370 269 2444 ιιιιιιι,Ι
287 2367 410 2446 palloris
424 2365 556 2445 pluribus
570 2367 674 2448 modis,
690 2367 758 2426 item
772 2365 896 2428 ruboris.
926 2365 1000 2426 alius
1015 2367 1095 2426 enim
1109 2367 1181 2440 irae,
1190 2383 1211 2423 ιι

133 2460 184 2514 ιιι
196 2452 268 2511 alius
285 2449 490 2510 vereoundiae.
536 2467 600 2510 nam
620 2452 649 2509 iu
667 2460 744 2516 metu
761 2450 900 2528 reingere
915 2459 945 2510 et
958 2465 1101 2528 nusquam
1115 2467 1183 2508 esse

178 2541 287 2593 eertum
303 2543 350 2593 est
357 2533 533 2611 ‚multisque
549 2549 607 2593 uon
618 2533 766 2614 profluere
781 2535 967 2610 mansionata,
983 2535 1061 2612 quod
1078 2533 1184 2594 bomini

133 2615 310 2692 81’Ἷιιιιιιιιι
325 2619 432 2676 evenit.
463 2632 528 2678 nam
550 2634 625 2698 quae
644 2627 755 2678 mutare
777 2619 898 2680 diximus
913 2618 1045 2680 colorem
1058 2618 1185 2680 alienum

136 2659 324 2778 Weeoipinnt
338 2701 462 2778 quodem
476 2719 665 2781 reparamur,
682 2703 768 2763 bomo
783 2703 886 2763 solus'
878 2721 906 2762 ιιι
922 2721 956 2764 se
970 2711 1071 2762 mutat.
1091 2702 1184 2762 morbi

178 2801 279 2845 omnes
295 2801 432 2863 morsque
448 2788 617 2865 sanguinem
632 2787 793 2848 absumunt.
1191 2797 1212 2838 ιι

134 2879 186 2934 ιιι
261 2867 310 2930 39.
330 2867 414 2948 (92.)
441 2872 512 2932 Sunt
533 2872 581 2950 qui
600 2871 788 2932 subtilitatem
801 2873 889 2934 animi
911 2880 1047 2932 oonstare
1063 2889 1125 2931 non
1142 2880 1183 2930 te-

177 2954 284 3014 nuitate
304 2954 452 3030 sanguinis
473 2964 589 3035 putent,
611 2955 663 3015 sed
680 2963 745 3016 oute
761 2958 1008 3035 operimentisque
1025 2971 1184 3035 corporum

177 3039 268 3116 magis
290 3038 449 3098 autminus
473 3039 556 3101 bruta
578 3055 663 3116 esse,
679 3049 710 3100 nt
724 3051 838 3102 ostreas
852 3040 1063 3102 et't'estudines.
1097 3041 1185 3100 boum

177 3131 275 3200 terga,
299 3129 395 3182 saetas
415 3139 494 3182 suum
518 3125 637 3186 obstare
652 3126 781 3186 tenuitati
802 3126 954 3187 immeantis
969 3126 1106 3205 spiritus,
1129 3141 1185 3184 nee

177 3225 278 3286 purum
295 3205 495 3286 liquidumque
506 3210 630 3269 tramitti.
661 3212 707 3270 sio
722 3219 752 3269 et
765 3211 794 3268 in
814 3210 945 3286 homine,
968 3227 1032 3269 oum
1055 3211 1214 3271 crassiora

179 3291 356 3352 callosiorve
372 3291 510 3351 exolodat
526 3295 609 3369 eutis,
627 3311 681 3354 oen
697 3311 769 3354 vero
787 3311 844 3353 non
860 3293 1018 3354 orooodilis
1033 3303 1063 3406 et
1078 3294 1185 3354 duritia
1230 3306 1234 3318 ·

176 3377 305 3454 tergoris
321 3375 463 3436 tribuatur
481 3383 509 3435 et
522 3376 664 3437 sollertia.

134 3465 186 3522 ιιι
264 3459 346 3539 (93)
362 3459 569 3542 llippopotarui
585 3462 665 3522 corio
681 3461 841 3523 erassitndo
858 3461 925 3523 talis
938 3467 970 3523 ot
983 3461 1050 3523 inde
1064 3467 1184 3534 tormen·
