2444 3910
161 173 203 233 26
504 179 535 227 c.
558 179 655 226 rems
676 177 826 226 sncnrmr

162 339 264 399 dixere
280 335 414 414 imperia!
436 349 522 414 mam
539 332 644 393 multos
660 331 736 392 bona
752 331 905 411 perdidere
925 339 954 390 et
969 331 1085 389 ultimis
1102 347 1184 412 uren

162 437 229 480 sere
246 418 409 499 suppliciis!
432 421 486 478 ista
505 417 633 478 nimirum
650 415 741 492 bona,
765 417 962 477 oum-interim
984 414 1036 473 illa
1056 414 1183 474 hornis

163 505 268 583 gaudio
289 503 356 563 init!
383 503 423 561 ita
444 509 490 560 est
513 501 665 578 prolecto,
688 499 820 561 aliunde
842 498 900 560 allo
921 498 1030 558 indicat
1054 498 1131 558 dies
1153 506 1184 558 et

164 599 258 648 tamen
279 603 431 666 supremus
449 585 485 645 do
507 584 654 659 omnibus,
673 585 799 662 ideoque
815 581 902 642 nullis
917 581 1105 642 credendum
1125 590 1181 640 est

163 672 230 751 quid
256 671 334 749 quod
360 669 436 730 bona
461 667 543 728 malis
566 669 647 747 paria
671 685 729 727 uon
755 675 819 726 suut
842 668 928 726 etium
950 667 1014 744 pari
1036 681 1198 740 numerum

163 773 217 815 neo
240 756 349 815 laetitia
364 753 423 812 ullu
440 753 562 812 minume
578 769 711 813 maerore
729 746 897 830 pensanda?
927 767 1000 809 rana
1023 759 1059 808 et
1079 751 1181 828 inpru-

161 841 235 900 dens
260 836 425 914 diligentia!
451 853 585 896 numerus
608 837 719 896 dierum
744 841 919 914 conparatur
943 833 992 893 ubi
1018 835 1181 910 quaeritur

184 920 288 982 ondus!

122 942 181 1072 ung
225 1004 275 1063 41.
300 1001 384 1080 (42.)
416 1001 479 1062 Una
501 1003 668 1064 feminarum
690 1002 810 1062 inomni
831 1017 905 1062 aevo
923 1000 1065 1080 Lampido
1085 999 1178 1061 Lace·

166 1087 317 1148 daemonia
340 1086 466 1146 refertur
483 1105 559 1166 quac
574 1088 654 1164 regis
671 1085 745 1161 lilla,
767 1087 846 1163 regis
868 1101 958 1161 uxor,
979 1086 1066 1161 regis
1083 1095 1210 1144 matera]

166 1171 269 1244 inerit,
288 1187 344 1229 una
360 1169 502 1230 Berenice
523 1189 597 1252 quaa
622 1169 698 1246 lilia,
721 1186 820 1244 soror,
842 1178 933 1229 mater
953 1167 1179 1246 Olympionica·
1208 1151 1211 1246 l

162 1271 243 1328 rum,
259 1271 315 1313 uua
331 1253 437 1314 tamilla
456 1251 610 1314 Curionum
624 1255 653 1312 ln
669 1271 725 1332 qua
745 1263 806 1330 tres
826 1253 958 1312 continua
976 1253 1055 1312 serie
1079 1249 1179 1312 orato
1210 1255 1211 1316 ἰ

166 1356 215 1397 res
231 1339 410 1410 exstiterint,
426 1355 481 1397 una
496 1335 651 1399 Fabiorum
673 1339 701 1396 in
721 1353 777 1415 qua
795 1340 855 1396 tres
874 1337 999 1395 continui
1022 1336 1179 1414 principes
1210 1329 1211 1400 l

168 1429 300 1494 senatus,
324 1421 361 1480 ll.
389 1419 494 1480 Fabius
517 1421 690 1497 Ambustus,
712 1419 819 1480 Fabius
840 1419 990 1481 Rullianus
1012 1418 1111 1495 illius,
1140 1418 1176 1491 Q.
1210 1401 1211 1436 l

166 1505 272 1566 Fabius
285 1503 398 1580 Gurges
412 1521 515 1584 nepos.
1183 1499 1211 1560 u*

127 1598 178 1653 134
227 1589 279 1648 42.
302 1588 385 1666 (43.)
423 1586 527 1649 (lebera
554 1589 689 1668 exempla
709 1589 841 1648 fortunae
866 1587 1001 1647 variandis
1023 1587 1175 1646 innumera
1209 1533 1211 1630 l

170 1680 243 1730 sunt.
277 1673 382 1732 etenim
408 1689 481 1750 quae
506 1673 576 1734 lacit
598 1691 701 1750 magua
724 1671 828 1749 gaudia
853 1671 908 1730 uisi
932 1689 970 1730 ex
994 1670 1101 1746 malis,
1129 1678 1176 1731 unt
1210 1677 1211 1688 ¹

169 1772 244 1834 quae
260 1755 334 1815 mula
350 1757 478 1815 inmensa
495 1759 602 1816 nisiex
618 1756 782 1833 ingentibus
799 1753 933 1833 gaudiis?
963 1753 1013 1814 43.
1043 1755 1174 1815 servarit

169 1841 364 1918 proscriptum
383 1857 398 1897 a
426 1838 508 1899 Sulla
531 1839 569 1899 bl.
585 1839 742 1900 Fidustium
765 1847 931 1898 senatorem
948 1839 1028 1898 anuis
1048 1849 1174 1911 xxxvi,

170 1922 223 1981 sed
251 1923 353 1982 iterum
383 1925 590 2001 proscriptum.
628 1933 780 2001 superstes
809 1923 907 1983 Sullae
929 1923 1015 1996 vixit,
1044 1921 1102 1982 sed
1130 1930 1199 1981 uss

169 2015 227 2102 que
244 2006 279 2065 ad
296 2005 467 2082 Antonium,
485 2016 656 2106 ponetatque
673 2007 750 2068 nulla
768 2006 824 2067 ulta
839 2006 875 2066 de
894 2022 981 2066 causa
998 2004 1034 2103 ab
1052 2023 1091 2065 eo
1109 2022 1173 2086 pro

128 2105 184 2237 1³⁵⁸
187 2089 1174 2253 illidiiuttifttttititltttllil?‚tntilli

168 2259 197 2317 iu
224 2259 369 2339 triumpho
400 2259 548 2320 Asculano
578 2259 629 2320 (lu.
657 2260 776 2338 Pompei
804 2258 883 2318 duxit
910 2273 1046 2336 puerum,
1075 2275 1173 2336 quam·

170 2358 253 2421 quam
270 2342 414 2404 lllasurius
434 2353 537 2404 auctor
560 2353 605 2404 eet
626 2343 670 2404 bis
690 2344 719 2402 in
739 2341 881 2420 triumpho
903 2341 1034 2415 ductum,
1063 2338 1198 2402 (licerou

45 2499 54 2510 .
102 2489 104 2494 ,
169 2427 323 2484 mulionem
340 2429 498 2486 carmensis
518 2428 663 2487 furnariae
683 2428 790 2501 luisse,
806 2425 929 2504 plurumi
945 2427 1091 2484 iuventam
1115 2426 1172 2483 ino

129 2515 255 2585 136pem
274 2509 303 2566 in
326 2509 421 2585 caliga
442 2509 555 2571 militari
572 2510 726 2570 tolerasse.
758 2508 823 2569 Fuit
839 2517 869 2568 et
888 2507 995 2568 Balbus
1018 2505 1172 2569 Cornelius

171 2591 262 2648 maior
282 2592 398 2666 consul,
422 2591 473 2652 sed
494 2601 647 2653 accusatus
665 2603 752 2673 atque
774 2593 811 2653 de
826 2592 889 2653 iure
903 2593 1048 2669 virgarum
1063 2592 1092 2650 in
1111 2609 1172 2650 eun

171 2672 295 2733 iudicum
311 2675 339 2734 in
355 2674 506 2735 consilium
520 2677 640 2754 missus,
656 2679 764 2756 primus
780 2685 965 2736 externorum
980 2683 1069 2754 atque
1090 2677 1172 2736 etiarn

171 2757 200 2816 ln
221 2771 333 2817 menno
355 2761 518 2837 genitorum
542 2779 611 2823 usus
630 2761 682 2822 illo
704 2762 816 2822 bonore
836 2777 922 2839 quem
943 2762 1071 2818 maiores
1093 2759 1198 2820 Latios

172 2857 288 2919 quoque
304 2845 482 2921 negaverint.
515 2855 560 2905 est
577 2854 607 2904 et
620 2845 651 2905 L.
669 2843 788 2906 Fulvius
799 2846 874 2904 inter
888 2845 1010 2920 insignia
1026 2841 1170 2921 exempla,

171 2924 397 2986 Tusculanorum
412 2927 611 2990 rebellantium
631 2930 750 3005 consul,
774 2929 936 3006 eodemque
958 2927 1088 3002 lronore,
1112 2943 1170 2986 cnm

171 3011 340 3086 transisset,
356 3020 513 3072 exornatus
530 3013 683 3073 eoniemim
703 3029 719 3074 a
736 3012 848 3092 populo
863 3011 1010 3088 Romano,
1027 3011 1077 3089 qui
1095 3010 1170 3070 solus

174 3095 277 3154 eodem
286 3109 360 3154 auno
372 3111 430 3174 quo
439 3095 533 3156 iuerat
541 3097 751 3158 bosdsllomae
763 3095 946 3176 triumphavit
959 3095 1041 3156 etr-iis
1053 3111 1172 3172 quorum

130 3183 181 3238 137
191 3178 293 3239 consul
314 3179 417 3240 iuerat.
449 3178 529 3240 Unus
545 3180 687 3242 bominum
709 3181 744 3242 ad
765 3181 821 3242 boo
842 3181 907 3241 aeri
924 3179 1032 3239 Felicis
1050 3177 1108 3238 sibi
1125 3191 1199 3238 coc

173 3277 297 3336 women
318 3264 446 3324 adseruit
462 3262 492 3322 b.
511 3264 609 3340 Sulla,
631 3266 709 3325 civili
731 3281 834 3343 nempe
850 3265 989 3340 sanguine
1006 3280 1042 3322 uc
1062 3263 1173 3340 patriae

174 3349 389 3423 oppugnatione
410 3347 572 3425 adoptatus.
601 3358 630 3409 et
652 3348 753 3428 quibus
770 3348 917 3408 tetteitarts
938 3346 1069 3406 inductus
1091 3363 1172 3422 argu-

173 3428 297 3489 mentis?
318 3430 397 3512 quod
413 3431 600 3511 proscribere
622 3441 665 3493 tut
686 3431 763 3492 milia
786 3432 889 3491 ciuium
910 3448 945 3490 ac
961 3429 1107 3490 trucidare
1123 3445 1172 3510 po-
