2482 3910
166 185 227 248 194
314 182 317 258 j
510 197 540 246 e.
555 197 650 246 annu
670 195 819 244 saeuum

166 352 239 414 biae
260 367 319 412 nou
336 350 506 428 solidescit,
532 368 589 412 neo
611 367 667 429 qna
690 347 841 410 cerebram
862 357 910 410 sat
930 365 983 410 oor
998 350 1169 430 involvitur,

166 435 248 514 pluro
264 437 338 495 enim
353 434 579 495 membranamm
594 450 714 511 genera.

13 543 15 548 ’
124 529 176 584 tut
250 519 337 599 (84.)
360 515 707 580 Feminiseadenromnia
724 525 900 594 praeterque
914 519 1033 576 resinae
1052 519 1168 578 innotos

166 603 321 679 utriculos,
337 603 413 664 unde
427 602 521 664 dietum
536 611 646 662 uterus.
669 600 746 679 quod
761 599 820 659 alio
834 601 948 660 nonme
962 600 1052 660 loeas
1063 602 1168 679 appel-

166 687 235 762 lant,
254 687 311 746 boo
326 688 356 746 in
369 686 492 762 reliquis
506 682 675 746 animalibus
690 683 816 743 volvam.
844 681 927 742 Haeo
938 684 1060 761 uiperae
1079 694 1111 744 et
1125 687 1189 745 irs-a

166 779 209 830 tra
223 786 256 829 se
271 768 448 848 parientibus
469 767 598 846 duplex,
617 785 673 828 ova
686 768 885 844 generantium
899 766 1010 826 adnexa
1025 785 1166 844 praeeon-

166 853 237 926 diis‚
260 861 289 911 et
306 853 336 911 in
355 850 476 912 muliere
497 852 630 928 geminos
653 854 732 910 ainus
754 850 791 910 ab
807 859 926 927 utraque
941 857 1025 927 parte
1042 850 1165 912 latarum

124 935 279 1010 atubabet,
296 933 435 1009 funebris,
453 936 588 1012 quatiens
598 952 685 994 versa
700 935 830 1012 spiritum
842 933 966 994 iuelnsit.
984 933 1084 994 Rosos
1100 953 1164 1010 gra-

166 1019 247 1078 vidas
266 1025 372 1094 negant
392 1027 595 1096 praeterquam
615 1017 736 1078 dentmo
753 1017 858 1078 volvae
879 1017 941 1076 sino
956 1017 1054 1090 ierne,
1079 1020 1165 1077 otiam

167 1119 230 1160 eum
245 1102 375 1177 geminos
390 1100 494 1160 ierant.
523 1101 618 1162 Volva
639 1102 735 1160 eieeto
751 1109 834 1178 partu
851 1099 954 1160 maior
969 1117 1056 1178 quarn
1075 1101 1163 1162 edito.
1174 1113 1195 1155 a

167 1185 292 1246 eieotitia
307 1193 428 1244 uocatur
443 1122 595 1260 illmbaeo
608 1186 750 1264 porcaria.
772 1185 945 1262 primiparae
960 1185 1019 1243 sois
1036 1193 1163 1261 optume

167 1276 266 1329 oontm
280 1267 384 1329 edetis.
415 1285 432 1328 a
448 1277 542 1348 partu,
558 1277 760 1347 praeterquam
778 1267 881 1328 eodem
895 1267 942 1326 die
956 1269 1017 1328 suis
1033 1269 1164 1356 oesiam,

92 1398 93 1404 κ
123 1361 174 1416 ²11
185 1351 273 1412 livida
294 1369 329 1412 ao
349 1366 455 1412 maora.
495 1369 550 1413 neo
566 1350 745 1412 novellarum
759 1367 840 1410 snum
856 1359 974 1428 praeter
992 1352 1166 1428 prmtparas

166 1433 319 1514 probator,
339 1437 496 1513 potiusque
509 1443 654 1512 ratmont,
675 1433 791 1496 dumne
807 1433 978 1510 effetarum.
994 1451 1052 1492 nso
1074 1433 1164 1494 biduo

166 1528 230 1578 ante
246 1526 358 1596 partum
373 1527 421 1578 aot
436 1528 631 1598 postponam
642 1526 690 1578 aut
704 1533 762 1595 quo
778 1518 920 1578 eiecerint
933 1517 990 1576 die.
1022 1527 1196 1596 proxumam

55 1615 59 1618 ’
166 1601 201 1658 ab
216 1603 342 1662 eiectitia
359 1610 403 1660 est
419 1604 538 1662 occisae
552 1618 609 1662 ouo
625 1601 671 1660 die
687 1609 755 1679 post
769 1609 890 1679 partum
920 1600 1003 1660 buius
1018 1609 1047 1660 et
1064 1613 1164 1660 sumeu

166 1689 320 1760 optumum,
336 1685 362 1742 si
375 1684 461 1744 modo
479 1684 556 1744 letus
570 1701 628 1744 noo
642 1683 779 1744 hauserit.
807 1685 951 1744 eleetitiae
968 1683 1163 1744 deterrimum.
1232 1743 1233 1746 ,

165 1765 271 1842 antiqui
286 1764 428 1826 abdomen
444 1767 589 1829 uocabant
603 1768 767 1847 priusquam
781 1766 918 1842 calleret,
934 1767 1071 1828 inolentis
1086 1769 1166 1828 ooal-

165 1847 236 1908 dere
252 1866 308 1906 non
323 1849 446 1910 adsueti.
474 1884 479 1894 ,
536 1910 537 1918 ,

122 1941 190 2002 Μ
247 1930 330 2010 (85.)
361 1931 520 2010 Cornigera
542 1951 596 1994 una
617 1943 700 2013 parte
723 1933 838 1994 dentata
859 1943 978 2012 atquae
993 1935 1022 1992 in
1038 1933 1194 2011 pedibusue

164 2012 239 2073 talos
254 2013 362 2076 habeut
374 2015 445 2076 sebo
460 2018 662 2096 pinguescunt,
677 2016 788 2077 bisuloa
799 2015 939 2086 soissisve
949 2017 981 2076 in
990 2015 1100 2094 digitos
1113 2037 1164 2098 pe·

164 2092 246 2174 dibus
262 2109 291 2158 et
305 2117 363 2159 non
379 2102 533 2177 oornigera
548 2100 643 2178 adipe.
668 2109 821 2162 concretos
837 2099 884 2160 bio
901 2109 941 2175 et,
957 2118 1022 2160 oum
1037 2101 1163 2176 refrixit,

163 2181 289 2260 fragilis,
309 2201 482 2264 semperque
498 2184 526 2242 in
542 2184 597 2243 line
613 2185 718 2244 earnis.
763 2191 862 2242 eontra
884 2184 990 2263 pingue
1008 2185 1087 2244 inter
1103 2201 1163 2245 oar·

162 2283 228 2326 nem
245 2277 396 2347 cutemque
412 2286 483 2328 suco
501 2267 648 2346 liquidum.
678 2265 824 2339 Quaedam
838 2283 896 2326 non
911 2269 1119 2344 pinguescunt,
1135 2277 1166 2335 ut

68 2372 81 2405 κ
163 2349 264 2428 lepus,
281 2352 393 2430 perdix.
439 2351 584 2411 steriliora
604 2359 706 2410 cuncta
728 2351 843 2428 pinguia
859 2359 888 2409 et
903 2351 931 2408 in
946 2350 1076 2409 maribus
1094 2353 1194 2412 minas

120 2441 172 2499 213
182 2431 312 2509 feminis,
333 2444 545 2512 seuesountque
563 2434 688 2498 celerius
707 2434 905 2512 praepinguis.
950 2431 1091 2494 Omnibus
1106 2437 1164 2496 ani·

161 2513 281 2574 malibus
297 2525 349 2574 est
358 2515 499 2594 quoddam
514 2518 541 2576 in
557 2515 649 2577 oeulis
665 2518 780 2595 pingue.
796 2516 877 2595 adips
894 2519 1004 2578 eunetis
1021 2519 1088 2578 siue
1101 2538 1165 2579 seu·

163 2611 212 2671 su,
232 2599 297 2678 quia
311 2616 368 2657 neu
383 2599 503 2660 arterias
524 2600 611 2661 habet
632 2618 686 2660 neo
701 2619 800 2661 venas.
835 2601 984 2680 plerisque
1000 2603 1167 2664 animalium

162 2686 209 2738 est
222 2680 390 2758 pinguitudo
406 2685 467 2743 sine
483 2703 586 2761 sensu,
610 2701 693 2762 quam
712 2684 750 2744 ob
774 2702 889 2744 oausam
910 2703 978 2746 sues
994 2687 1165 2762 spirantisa

161 2762 287 2827 muribus
309 2765 422 2825 tradunt
443 2767 573 2828 adrosas.
605 2771 672 2847 quin
694 2779 722 2828 et
739 2767 769 2828 L.
789 2767 901 2844 Aproni
923 2767 1089 2828 consularis
1109 2770 1193 2832 virito

161 2846 221 2906 lilio
238 2847 386 2908 d‘etraotos
402 2849 502 2929 adipes
518 2853 701 2930 levatumque
719 2869 826 2930 eorpus
842 2851 973 2912 inmobili
987 2869 1092 2912 onere.

7 2949 8 2958 ¹
118 2939 171 2992 tlt
201 2987 216 2996 ,,
234 2930 319 3011 (86.)
341 2931 379 2991 Et
391 2924 516 2995 medulla
531 2953 568 2995 ex
583 2935 686 2995 eodem
701 2937 913 3012 videturesse,
939 2937 969 2996 in
982 2937 1102 2996 iuventa
1117 2957 1163 2998 ru·

160 3014 233 3076 bens
250 3025 279 3075 et
295 3017 323 3074 io
339 3018 635 3079 seneotaalbesoens.
684 3037 741 3080 non
761 3020 815 3078 nisi
837 3022 916 3080 cavis
936 3019 1011 3080 liaeo
1032 3019 1162 3098 ossibus,

162 3116 216 3158 neo
231 3098 362 3159 eruribus
380 3101 567 3162 iumentorum
582 3111 760 3179 amoenum,
783 3122 875 3183 quare
895 3105 987 3164 iraota
1007 3120 1066 3164 oon
1083 3105 1161 3164 leru-

159 3184 313 3260 minantur,
340 3183 418 3262 qnod
437 3184 581 3259 defluente
597 3189 693 3247 evenit
707 3187 840 3248 medulla.
872 3196 1026 3248 astantem
1043 3189 1191 3266 pinguista
1232 3261 1233 3264 Ἴ

160 3265 195 3323 iis
210 3266 314 3345 quibus
330 3268 429 3352 adips,
447 3268 554 3330 sebosa
574 3273 752 3348 cornigeris,
775 3287 901 3332 nervosa
917 3281 946 3331 et
958 3273 986 3331 in
1000 3272 1087 3350 spina·
1100 3281 1160 3331 tan·
1231 3275 1233 3314 ἱ

96 3351 104 3418 ζ’
160 3354 216 3406 tum
231 3350 310 3410 dorsi
326 3369 394 3416 ossa
409 3369 466 3413 non
479 3352 660 3430 habentibus,
673 3363 704 3414 ut
720 3353 967 3434 piscium'generi‚
980 3357 1056 3415 ursis
1066 3354 1156 3430 nulla,

99 3451 108 3475 ⁴-
162 3428 239 3495 leoui
261 3435 295 3492 iu
322 3435 457 3500 laninam
487 3445 517 3498 et
546 3437 744 3518 bracchiorum
773 3437 887 3499 ossibus
917 3441 1017 3520 paneis
1050 3440 1156 3516 exigua
