2444 3910
377 237 458 290 unu,
474 235 565 284 Hrsr.
582 235 641 283 vn.
660 234 686 286 a.
705 221 759 308 (a.)
1035 223 1054 285 5

42 392 182 472 putuisse
198 392 326 466 tradunt,
351 391 554 470 conditumque
569 391 667 450 loculo
684 395 712 450 in
728 391 846 470 templo.
890 391 1053 472 Praecipue
1062 402 1095 457 21

41 476 127 538 lndia
151 475 385 554 Aethiopumque
408 482 515 534 tractus
540 476 685 535 miraculis
707 482 827 536 scatent.
874 494 1004 537 maxuma
1026 473 1055 538 ln

42 561 127 621 India
145 561 299 638 gignuntur
315 560 455 620 animalia.
486 558 590 619 indicio
607 567 772 620 sunt'caues
787 559 959 637 grandiores
976 567 1054 620 cete·

29 647 97 706 ris
132 643 253 704 arbores
270 645 386 724 quidem
403 653 499 703 tantae
514 647 699 723 proceritatis
714 645 875 718 traduntur,
895 653 925 702 ut
940 647 1054 721 sagittis

17 731 195 809 5superiaci
218 739 372 808 nequeant
415 738 444 788 et
466 729 536 788 lacit
556 729 674 790 ubertas
696 729 769 804 soli,
791 730 949 806 temperies
968 729 1054 805 caeli,

43 832 185 892 aquarum
208 813 395 888 abundantia,
420 813 444 870 si
465 813 555 873 libeat
574 811 716 890 credere,
739 823 769 872 ut
787 813 839 873 sub
854 829 906 871 una
924 811 980 886 lico
997 821 1054 871 tur-

42 917 112 958 mae
130 897 288 958 condantur
305 899 440 975 equitum.
475 897 649 957 harundines
667 915 739 957 vero
755 906 851 957 tantae
870 890 1081 976 proceritatis
1105 956 1111 966 ,

42 993 78 1042 ut
91 981 204 1059 singula
217 981 378 1041 internodia
391 981 477 1040 alvea
493 966 649 1058 navigabili
661 991 759 1042 ternos
772 983 913 1041 interdum
925 979 1054 1040 homines

43 1067 152 1127 ierant.
186 1067 292 1126 multos
307 1066 345 1125 ibi
361 1068 444 1144 quina
463 1065 557 1125 cubita
574 1075 686 1126 constat
700 1067 878 1143 longitudine
896 1064 1097 1142 excederem

5 1177 35 1218 10
47 1169 108 1211 non
133 1169 295 1229 exspuere,
327 1166 384 1209 non
408 1151 511 1228 capitis
536 1160 584 1209 aut
610 1151 735 1210 dentium
758 1153 805 1210 aut
826 1150 975 1212 oculorum
996 1149 1055 1209 ullo

46 1236 153 1298 dolore
176 1235 276 1311 adlici,
299 1253 365 1294 raro
388 1235 506 1294 aliarum
522 1237 655 1314 corporis
672 1236 811 1314 partium,
834 1244 890 1294 tam
906 1234 1056 1294 moderato
1087 1252 1091 1257 ’

46 1321 122 1380 solis
138 1337 248 1399 vapore
266 1320 370 1378 durari.
417 1318 609 1398 philosophos
626 1336 742 1395 eorum,
762 1336 835 1398 quos
852 1317 1056 1397 gymnosophi-
1110 1388 1115 1397 .

47 1414 110 1466 stas
123 1413 245 1480 vocant,
262 1403 298 1464 ab
315 1411 418 1462 exortu
435 1403 470 1462 ad
488 1420 625 1462 occasum
636 1413 770 1482 perstare
785 1405 946 1472 contuentis
964 1403 1056 1462 solem

46 1487 234 1550 inmobilibus
252 1486 361 1563 oculis,
384 1487 564 1547 ferventibus
580 1487 695 1547 harenis
717 1497 779 1548 toto
797 1487 842 1548 die
865 1487 982 1546 alternis
1005 1505 1056 1565 pe·

10 1599 36 1638 rs
49 1572 135 1634 dibus
153 1573 298 1632 insistere.
338 1574 365 1631 in
383 1581 478 1633 moute
502 1574 547 1631 cui
563 1590 667 1631 nomen
689 1583 733 1632 est
748 1571 824 1632 Nulo
843 1572 973 1648 homines
990 1590 1057 1630 esse

48 1658 161 1718 aversis
178 1654 283 1735 plantis
299 1666 422 1716 octonos
437 1657 543 1733 digitos
559 1658 587 1715 in
605 1657 724 1735 singulis
740 1657 873 1716 habentis
896 1665 997 1715 auctor
1013 1665 1058 1715 est

44 1741 268 1818 Megasthenes.
314 1743 343 1800 in
359 1741 454 1802 multis
472 1744 565 1801 aut'em
581 1741 723 1802 montibus
740 1760 833 1818 genus
851 1739 993 1799 hominurn
1011 1747 1101 1801 εει-23

48 1825 158 1906 pitibus
182 1827 291 1884 caninis
317 1825 443 1885 lerarum
470 1819 727 1904 pellibus'velari,
754 1843 808 1905 pro
831 1842 905 1884 voce
927 1825 1058 1884 latratum

50 1911 160 1984 edere,
181 1909 325 1987 unguibus
348 1919 484 1970 armatum
506 1921 611 1970 venatu
636 1921 664 1973 et
686 1912 809 1989 aucupio
827 1911 920 1968 vesci.
957 1908 1059 1967 horum

12 2020 38 2060 ao
50 2011 140 2072 supra
158 2004 271 2053 centum
290 1995 391 2072 viginti
407 1994 483 2053 milia
499 1995 589 2054 luisse
606 1996 748 2074 prodente
767 1989 801 2054 se
817 1991 930 2054 Ctesias
947 1993 1057 2067 scribit,

49 2089 81 2138 et
97 2079 124 2136 in
141 2078 263 2156 quadam
281 2088 368 2156 geute
383 2079 479 2138 lndiae
496 2079 616 2140 feminas
631 2080 723 2139 semel
739 2083 767 2138 in
782 2081 839 2138 vita
857 2096 962 2157 parere
977 2079 1058 2154 geni·

48 2169 157 2242 tosque
179 2164 332 2223 confestim
354 2181 524 2222 canescere.
570 2164 646 2223 idem
663 2165 806 2222 hominum
823 2181 916 2240 genus
934 2164 982 2240 qui
997 2161 1058 2220 llo-

47 2247 149 2307 nocoli
163 2257 339 2307 vocarentur
355 2247 474 2324 singulis
491 2247 638 2322 cruribus,
655 2248 744 2306 mirae
756 2246 934 2324 pernicitatis
951 2246 985 2304 ad
1003 2244 1059 2304 sal·

50 2343 127 2407 tum,
158 2333 337 2410 eosdemque
361 2328 521 2409 Sciapodas
547 2333 663 2406 vocari,
695 2329 772 2409 quod
797 2331 825 2388 in
852 2329 954 2388 maiari
977 2337 1058 2386 aestu
1165 2395 1169 2404 Ι

13 2417 128 2486 25humi
157 2417 287 2476 iacentes
319 2416 447 2494 resupini
476 2414 575 2474 umbra
601 2433 634 2473 se
662 2415 767 2494 pedum
793 2421 956 2493 protegant.
1002 2430 1059 2472 uon

49 2499 148 2576 longe
158 2517 211 2559 eos
229 2499 434 2578 a'lrogodptis
451 2497 573 2574 abesse,
591 2517 748 2578 rursusque
765 2497 800 2558 ab
817 2499 860 2558 his
878 2495 1058 2557 occidentem

48 2603 156 2644 versus
173 2585 313 2664 quosdam
330 2586 391 2644 sine
405 2585 521 2644 cervice
535 2582 638 2643 oculos
650 2587 678 2643 in
692 2585 798 2644 umeris
815 2581 956 2642 habentis.
987 2583 1058 2642 Sunt
1068 2587 1103 2642 24

51 2679 81 2728 et
100 2671 190 2744 satyri
213 2668 375 2728 subsolanis
397 2667 531 2728 ludorum
553 2667 696 2728 montibus
719 2665 1000 2746 (Catharcludorum
1020 2666 1059 2725 di·

51 2755 126 2813 citur
151 2753 270 2832 regio),
300 2755 577 2832 perniciosissimum
611 2751 727 2812 animal
766 2761 824 2810 tum
852 2750 1059 2848 quadripedes,

16 2861 39 2901 au
50 2848 111 2897 turn
127 2847 210 2897 recte
224 2848 374 2898 currentes
390 2837 510 2897 humana
529 2838 645 2915 elligie,
666 2845 788 2916 propter
802 2835 990 2894 velocitatem
1006 2836 1059 2893 nisi

50 2939 140 2982 senes
170 2932 218 2982 aut
247 2925 328 3000 aegri
360 2940 417 2982 non
443 2925 601 3001 capiuntur.
654 2919 916 2980 choromandarum
942 2927 1059 2996 gentem

48 3015 140 3066 vocat
167 3005 283 3066 Tauron
312 3007 492 3083 silvestrem,
524 3007 585 3065 sine
615 3023 710 3080 voce,
747 3005 879 3064 stridoris
911 2999 1058 3078 horrendi,

49 3090 135 3150 hirtis
151 3091 342 3170 corporibus,
366 3091 460 3150 oculis
475 3090 603 3174 glaucis,
626 3050 758 3149 dentibus
772 3089 890 3148 caninis
920 3085 1059 3168 Eudoxus

49 3177 78 3233 iu
96 3177 263 3234 meridianis
275 3175 372 3236 lndiae
388 3177 457 3233 viris
469 3169 582 3254 plantas
599 3193 666 3232 esse
684 3173 834 3248 cubitalis,
854 3149 966 3232 leminis
985 3166 1059 3228 adeo

19 3277 159 3338 aparvas
181 3269 212 3318 ut
234 3259 449 3339 Struthopodes
476 3258 667 3338 a.ppellentur
712 3257 917 3336 Megasthenes
943 3259 1102 3330 gestemus

50 3346 128 3403 inter
146 3341 292 3404 Nomadas
305 3343 392 3404 ludos
409 3345 517 3405 uarium
535 3343 602 3402 loco
619 3341 756 3402 foramina
773 3352 879 3401 tantum
893 3337 1060 3412 habentem,

50 3431 188 3504 anguium
203 3429 289 3487 modo
305 3427 485 3507 loripedem
504 3445 603 3488 vocam
597 3428 754 3502 Scyrrtas
785 3427 820 3486 ad
835 3433 982 3483 extremos
997 3422 1061 3482 linis
1153 3442 1155 3451 ·

49 3509 153 3572 lndiae
167 3512 203 3571 ah
216 3515 328 3572 oriente
342 3515 420 3572 eirca
433 3512 542 3571 iontem
555 3511 661 3588 Gangis
673 3511 858 3570 Astomurum
869 3517 986 3586 gentem
998 3509 1060 3568 sine
