2444 3908
305 150 385 239 111.
402 193 492 240 11111.
510 193 596 240 11111.
616 193 735 247 5146.
758 185 921 266 (tt-82.)
1052 189 1109 248 117

176 345 225 404 54.
253 344 336 425 (79.)
371 345 536 405 0111111111
566 347 674 406 vivaria
701 350 806 425 primus
823 353 944 412 omnium
971 353 1091 430 Sergius
1101 365 1152 420 168

110 429 201 490 Orata
212 431 320 488 invenit
332 429 472 490 inBaiano
482 438 575 488 aetate
585 427 614 488 L.
628 429 726 490 Crassi
739 436 873 510 oratoris,
884 433 1109 498 anteblarsicum

109 513 231 588 bellum,
247 531 302 572 nec
320 514 405 590 gulae
422 530 507 573 causa
525 513 577 572 sed
594 517 747 592 avaritiae,
770 536 869 594 magna
889 522 1043 596 vectigalia
1059 525 1110 583 tali

109 615 149 658 ex
164 599 281 674 ingenio
303 615 355 656 suo
378 599 560 675 percipiens,
585 606 615 656 ut
636 601 683 678 qui
704 603 811 678 primus
835 604 954 680 pensilis
970 606 1110 666 invenerit

82 681 258 756 sbalineas,
271 683 320 740 'ita
341 683 555 758 mangonicatas
580 681 663 742 villas
681 684 800 745 subinde
817 687 978 748 vendendo.
1013 691 1037 748 is
1053 693 1109 769 pri-

107 783 173 824 mus
193 773 338 842 optumum
361 780 495 844 saporem
520 767 625 825 ostreis
646 765 775 827 lucrinis
791 769 972 848 adiudicavit,
996 774 1109 852 quando

109 850 212 909 eadem
235 849 399 927 aquatilium
422 867 532 926 genera
556 849 643 910 aliubi
660 860 746 930 atque
768 853 854 913 aliubi
871 856 1001 932 meliora,
1019 860 1152 922 11111169

108 933 171 1010 lupi
194 933 290 1012 pisces
307 935 334 992 in
352 931 449 992 Tiberi
465 949 547 994 amne
571 932 645 994 inter
668 935 740 996 duos
765 940 873 1016 pontis,
895 933 1033 1000 rhombus
1053 939 1108 1000 Ra·
1171 957 1180 972 ·

108 1033 233 1091 vennae,
249 1035 364 1077 murena
381 1019 409 1075 in
425 1018 534 1094 Sicilia,
551 1018 635 1096 elops
650 1015 761 1097 Rbodi,
781 1031 810 1080 et
830 1023 884 1082 alia
900 1042 1009 1101 genera
1034 1026 1109 1085 simi·

70 1101 248 1176 11111111,11
272 1101 428 1160 culinarum
452 1121 573 1162 censura
602 1113 766 1183 peragatur.
796 1105 928 1166 Nondum
950 1108 1111 1168 Britannica

109 1185 277 1244 serviebant
298 1185 393 1262 litora,
418 1203 481 1254 cum
496 1185 583 1246 Orata
603 1185 724 1247 Lucrina
744 1189 923 1250 nobilitabat.
950 1203 1054 1269 postea
1069 1194 1109 1251 vi-

109 1287 171 1328 sum
189 1271 258 1327 tanti
274 1270 302 1327 iu
324 1280 480 1330 extremam
494 1267 603 1330 ltaliam
619 1280 720 1349 petere
733 1271 911 1332 Brundisium
927 1285 1052 1350 ostreas,
1075 1295 1110 1336 ac

107 1372 145 1413 ne
169 1353 204 1428 lis
223 1363 302 1412 esset
317 1355 390 1413 inter
411 1354 483 1414 duos
506 1371 643 1432 sapores,
661 1355 757 1433 'nuper
785 1361 979 1435 excogitatum
1006 1359 1109 1419 lamem

40 1513 52 1517 -
108 1439 216 1514 longae
232 1436 410 1518 advectionis
429 1456 444 1498 a
460 1436 611 1497 Brundisio
626 1455 806 1517 conpascere
823 1442 852 1500 in
869 1440 1002 1502 Lucrino.

70 1538 98 1588 11
174 1521 257 1599 (80.)
274 1520 383 1582 Eadem
399 1530 494 1581 aetate
510 1523 590 1599 prior
600 1521 725 1582 Licinius
733 1521 850 1583 lllurena
861 1526 1036 1604 reliquorum
1047 1527 1088 1604 pi·
1102 1530 1153 1589 1711

109 1607 201 1664 scium
216 1607 323 1664 vivaria
338 1607 456 1681 inuenit,
473 1607 553 1665 cuius
566 1605 668 1666 deinde
686 1608 848 1687 exemplum
859 1597 994 1670 nobilitas
1011 1618 1110 1669 secuta

109 1699 156 1749 est
168 1689 302 1768 Philippi,
315 1689 462 1749 Hortensi.
484 1688 619 1749 Lucullus
632 1693 733 1750 exciso
746 1694 830 1752 etiam
841 1703 937 1752 monte
948 1691 1025 1753 iuxta
1036 1689 1109 1752 Nea·
1137 1739 1142 1750 .

10 1821 13 1826 ,
109 1773 200 1852 polim
215 1775 323 1832 maiore
341 1771 477 1853 inpendio
500 1785 584 1852 quam
603 1775 699 1834 villam
716 1777 959 1836 exaedificaverat
980 1779 1110 1856 euripum

110 1868 140 1917 et
155 1859 243 1917 maria
259 1857 381 1933 admisit,
398 1875 454 1936 qua
472 1856 508 1918 de
526 1876 611 1918 causa
627 1857 748 1936 lllagnus
765 1860 918 1940 Pompeius
933 1861 1052 1921 Xerxen
1067 1870 1109 1920 to·

1 1973 7 1982 ·
68 1950 208 2018 sagatum
227 1959 290 2000 eum
308 1943 486 2022 appellabat.
518 1942 710 2020 quadragiens
723 1943 779 2004 HS.
793 1946 923 2024 piscinae
940 1963 957 2005 a
973 1946 1109 2005 defuncto

108 2025 161 2084 illo
181 2027 299 2086 veniere
314 2028 423 2106 pisces.
1185 2077 1186 2084 .

174 2109 223 2170 55.
242 2111 326 2190 (81.)
345 2110 525 2170 llurenarum
540 2111 678 2172 vivarium
695 2113 824 2188 privatim
839 2114 1015 2188 excogitavit
1027 2121 1093 2172 ante
1103 2120 1151 2175 171

108 2193 183 2256 alios
196 2192 229 2252 G.
238 2194 358 2270 Hirrius,
371 2197 418 2273 qui
431 2197 510 2282 cquis
522 2193 739 2272 triumphalibus
750 2192 884 2253 Caesaris
896 2194 1045 2253 dictatoris
1058 2213 1110 2254 sex

107 2279 614 2354 1111111111)1111111111111111111
631 2277 775 2354 adpendit.
794 2293 857 2336 nam
869 2284 1032 2354 permutare
1050 2279 1110 2354 qui·

67 2387 97 2428 rs
109 2366 177 2425 dem
193 2365 286 2441 pretio
301 2362 392 2422 noluit
407 2363 501 2434 aliave
516 2379 623 2420 merce.
654 2359 736 2419 buius
752 2360 848 2419 villam
863 2362 935 2419 intra
954 2353 1035 2436 quiam
1050 2376 1110 2418 mo·

109 2448 205 2508 dicum
221 2447 413 2524 quadragiens
431 2447 560 2528 piscinae
575 2444 773 2505 vendiderunt.
795 2443 902 2504 Invasit
917 2443 1022 2504 deinde
1038 2446 1153 2507 sin-lli

109 2531 245 2608 gulorum
261 2531 382 2608 piscium
399 2546 488 2589 amor.
522 2529 596 2608 apud
619 2528 724 2588 Baulos
746 2530 774 2586 in
793 2535 874 2607 parte
899 2525 1004 2588 Baiana
1023 2530 1110 2608 pisci·

108 2631 175 2674 nam
190 2613 289 2673 babuit
303 2613 474 2674 Hortensius
490 2624 598 2688 orator,
618 2615 645 2671 in
668 2631 723 2692 qua
746 2611 891 2672 murenam
914 2612 988 2672 adeo
1012 2611 1112 2672 dilexit

109 2708 141 2758 ut
159 2698 346 2758 exanimatam
363 2697 452 2768 desse
469 2699 613 2758 credatur.
643 2697 674 2756 lu
691 2698 793 2757 eadem
805 2697 874 2756 villa
886 2696 1010 2756 Antonia
1025 2695 1112 2756 Drusi

71 2797 248 2849 3111111111
263 2797 348 2858 quam
361 2780 501 2858 diligebat
516 2783 621 2840 inauris
636 2781 753 2856 addidit,
773 2782 852 2840 cuius
869 2789 990 2859 propter
1008 2781 1109 2840 lamam

109 2864 241 2925 nonnulli
258 2863 364 2924 Baulos
379 2865 481 2924 videre
498 2867 734 2943 concupiverunt.

175 2949 225 3008 56.
244 2947 328 3027 (82.)
351 2945 523 3008 Coclearum
547 2950 655 3008 vivaria
677 2949 796 3007 instituit
818 2947 934 3009 Fulvius
955 2947 1090 3025 lippinus
1104 2953 1155 3013 173

29 3037 36 3049 ‘
110 3037 140 3093 in
157 3032 357 3111 Tarquiniensi
380 3033 466 3110 paulo
490 3040 554 3093 ante
573 3032 659 3091 civile
675 3030 782 3091 bellum
797 3033 874 3110 quod
897 3049 960 3091 enm
975 3029 1111 3106 Pompeio

111 3117 220 3194 llagno
236 3125 349 3194 gestum
365 3126 420 3192 est,
437 3117 578 3176 distinctis
593 3115 708 3195 quidem
724 3116 880 3192 generibus
898 3132 1004 3187 carum,
1027 3129 1111 3190 sepa·
1206 3130 1208 3141 ·

72 3225 100 3267 35
111 3202 197 3260 ratim
214 3208 244 3259 ut
261 3207 361 3259 essent
376 3201 460 3260 albae
479 3219 552 3278 quae
573 3203 601 3258 in
616 3199 737 3259 Reatino
754 3219 824 3277 agro
842 3207 1011 3272 nascuntur,
1027 3213 1112 3274 sepa·

110 3285 196 3344 ratim
212 3282 347 3358 illyricae
364 3284 466 3362 quibus
480 3283 644 3361 magnitudo
656 3283 822 3363 praecipua,
839 3282 993 3341 Africanae
1010 3279 1113 3358 quibus
1164 3348 1167 3352 .

110 3367 288 3443 fecunditas,
310 3369 459 3430 Solitanae
477 3369 580 3447 quibus
597 3367 742 3427 nobilitas.
775 3368 842 3446 quin
858 3374 886 3424 et
901 3366 1028 3440 saginam
1045 3369 1157 3424 11-174

110 3469 176 3514 rum
194 3461 362 3512 commentus
385 3461 430 3512 est
446 3469 517 3531 sapa
533 3461 562 3511 et
577 3452 654 3510 farre
680 3452 802 3530 aliisque
823 3447 991 3526 generibus,
1013 3457 1043 3506 ut
1064 3463 1113 3511 co·
