2462 3900
167 185 227 250 282
432 245 434 250 ,
492 194 800 246 o.rnnurarrcuuu1

166 353 296 418 erelrriua
310 369 381 418 ratu
396 350 544 427 numm,
566 349 681 412 treme
696 366 829 429 spongea
844 347 1019 426 tergendae,
1039 357 1073 408 nt
1088 365 1170 427 quan

80 493 86 498 .
122 448 297 504 damuante
320 453 390 515 pura
410 437 562 496 sinceritas
584 443 706 496 eourtet.
745 443 849 512 poatea
867 433 1014 494 inuentum
1035 441 1068 490 ut
1091 431 1171 494 lava-

122 559 127 572 ,
149 525 151 538 '
166 531 264 584 reutur
279 523 378 599 uu'que
394 519 616 598 terrendoque,
633 519 763 597 protinus
778 517 863 597 prelo
877 517 1087 579 subicerentur
1103 517 1171 578 eoli-

166 605 231 683 dae,
245 637 288 650 -
302 606 343 664 ita
357 605 431 664 eninr
446 619 561 666 amuroa
578 604 757 681 exprimitur,
774 633 818 648 -
832 619 899 664 mox
913 602 1037 679 trapetis
1055 600 1172 664 iraetae

164 698 366 770 premerentur
387 690 496 748 iterum.
522 689 614 766 premi
635 687 701 765 plur
715 701 799 764 quam
817 694 958 748 eentenaa
972 685 1093 746 modion
1115 697 1191 746 nort

165 773 297 853 probant.
323 773 417 834 iaetus
432 779 570 846 vocatur,
594 770 672 849 quod
691 787 763 830 vero
779 779 847 849 poet
865 769 970 830 molam
985 770 1114 847 primum
1131 779 1173 830 eat

164 859 228 920 flea.
260 857 356 918 inetur
368 857 421 916 tria
435 856 550 931 gemino
566 856 633 917 ioro
649 872 665 915 a
679 857 827 934 quatenus
846 852 1007 916 hominihua
1030 863 1125 916 noete
1148 863 1175 914 et

164 943 210 1002 die
227 942 319 1020 premi
335 941 438 1000 iuratum
454 947 509 1001 eet.

119 1036 156 1090 at
230 1028 259 1085 7.
284 1024 348 1101 (7.)
369 1021 434 1081 Non
455 1031 516 1082 erat
530 1031 593 1082 tum
614 1022 748 1083 fletioium
762 1021 874 1096 oleum,
898 1020 1024 1098 ideoque
1042 1020 1175 1081 arbitror

164 1109 200 1169 de
221 1125 257 1167 eo
278 1105 348 1166 uilril
373 1124 389 1166 a
412 1103 523 1166 Catone
546 1106 661 1169 dietum.
689 1123 764 1168 naue
777 1106 843 1166 eius
856 1121 965 1183 genera
981 1104 1086 1182 plura,
1114 1106 1200 1183 pri-u

163 1209 295 1271 mumque
318 1205 528 1268 persequemur
547 1207 584 1252 ea
604 1207 678 1269 quae
699 1209 737 1250 ex
758 1188 909 1250 arboribut
931 1188 1017 1262 iuut‚'
1041 1197 1074 1248 et
1097 1189 1174 1248 inter

163 1276 230 1338 illae
246 1283 311 1336 aute
326 1276 418 1336 omnia
432 1293 470 1334 ex
482 1274 621 1337 otranno.
647 1283 735 1336 tenue
745 1274 773 1336 id
785 1273 1071 1351 multoqueumariua
1084 1290 1174 1351 quarn

164 1361 249 1422 oleae
265 1368 295 1420 et
313 1367 419 1420 tanturn
432 1359 469 1420 ad
484 1359 692 1422 medioaruenta
703 1357 784 1418 utile.
809 1357 977 1422 amitinum
990 1355 1058 1416 luia
1071 1366 1174 1416 estex

164 1444 347 1518 chamelaea,
364 1443 470 1503 frutiee
488 1459 608 1519 tuoto,
625 1457 684 1502 uon
698 1442 802 1504 altiore
817 1441 931 1520 palmo,
950 1441 1029 1502 ioliia
1046 1439 1173 1502 oleastri

118 1528 317 1606 aulaeisque.
340 1527 513 1589 Proxumum
524 1527 555 1588 lit
567 1537 624 1588 ete
640 1528 706 1602 eloi,
723 1526 829 1586 arbore
841 1525 869 1586 in
881 1525 1017 1603 Aegypto
1031 1526 1171 1602 oopieaa,
1180 1532 1201 1576 ¹⁵

80 1677 84 1684 ,
164 1612 267 1672 -alii
289 1619 458 1686 crotonem,
481 1611 529 1672 alii
551 1611 622 1686 allai,
644 1610 693 1670 alii
714 1627 848 1670 ueaamou
869 1610 1005 1670 silvestre
1031 1627 1100 1669 eam
1119 1627 1171 1686 ap-

164 1696 284 1774 pellant,
299 1727 342 1740 —-
352 1695 450 1773 ibique
463 1711 521 1756 aon
532 1695 652 1773 pridem.
672 1703 701 1756 et
712 1693 885 1772 iuliiapartia
897 1702 1018 1772 reperte
1031 1694 1172 1770 proventu

97 1825 100 1832 .
163 1779 311 1840 altitudine
327 1777 424 1851 oleae,
441 1778 524 1838 oaule
539 1778 701 1853 ferulaceo,
716 1778 788 1842 lolio
800 1779 909 1852 vitium,
925 1778 1035 1836 neruiue
1047 1793 1172 1839 uvarum

163 1861 314 1939 gracilium
338 1861 577 1938 pallidarnraque.
608 1864 700 1922 nostri
721 1880 785 1924 eam
798 1863 918 1922 rioiuum
933 1870 1040 1922 vooant
1057 1878 1073 1920 a
1089 1862 1169 1920 aimi-

163 1944 283 2005 litudlne
300 1945 426 2004 seminia.
453 1946 586 2023 coquitur
601 1946 630 2006 iul
643 1946 671 2006 iu
685 1963 776 2025 equa,
794 1947 983 2024 innatamque
997 1945 1097 2006 oleurn
1112 1945 1168 2006 tol-
1178 1957 1201 1998 tt

164 2027 240 2088 litar.
267 2037 297 2090 at
312 2029 340 2088 in
357 2027 506 2108 Aegypto,
522 2029 571 2090 ulti
585 2029 720 2106 abundat,
738 2031 805 2091 aiue'
819 2031 878 2107 igni
894 2039 924 2090 et
941 2048 1015 2107 aqua
1032 2029 1100 2090 sale
1119 2030 1168 2092 ad·

119 2122 299 2191 adapertum
315 2114 486 2191 exprimitur
501 2113 574 2175 oilie
595 2113 726 2189 foedum,
750 2115 878 2197 luuerpia
900 2113 988 2174 exile.
1019 2113 1168 2191 Arargda·

164 2197 269 2273 linum,
290 2197 373 2275 quod
392 2198 480 2277 aliqui
500 2215 626 2276 neopum
646 2208 768 2274 rnoant,
788 2217 827 2258 ex
848 2200 950 2260 amarir
964 2197 1087 2259 nueilrua
1104 2215 1168 2258 are·

164 2281 249 2342 lautia
265 2285 339 2342 etin
356 2281 443 2348 oll'am
458 2283 625 2358 mortuaria,
646 2283 794 2361 adspersis
810 2299 884 2362 aqua
899 2283 1062 2360 iterumque
1075 2283 1168 2342 tanais

164 2367 341 2445 exprimitur.
371 2365 417 2426 Fit
432 2375 463 2426 et
477 2385 494 2426 e
508 2367 590 2427 lauru
606 2366 731 2428 admixto
747 2366 923 2444 drupparum
937 2366 1022 2441 oleo,
1037 2365 1166 2444 quidam·
1175 2374 1198 2414 ²⁵

163 2445 221 2527 que
236 2468 253 2508 e
269 2449 351 2510 baeia
369 2452 668 2529 exprimentum,
693 2451 740 2510 alii
763 2450 842 2511 ioliia
857 2450 962 2526 modo,
984 2450 1074 2528 aliqui
1095 2449 1168 2510 lolio

163 2541 194 2590 et
210 2533 313 2594 eortioi
326 2532 473 2608 bacarum,
491 2551 547 2594 neo
557 2551 615 2594 nou
627 2541 776 2609 aturaoem'
782 2534 889 2596 addunt
900 2534 1032 2612 aliaeque
1046 2533 1168 2595 odoret.

118 2620 154 2676 ui
166 2621 283 2692 optuma
304 2615 400 2678 laurus
422 2618 457 2678 ad
480 2617 510 2678 id
530 2617 651 2680 latifolia
673 2618 816 2678 ailveatria
833 2619 923 2696 olqria
941 2618 1031 2678 luaeia.
1058 2617 1169 2678 «Simile

164 2707 209 2758 eat
223 2716 241 2758 e
256 2708 349 2771 myrto
364 2701 461 2777 nigra,
484 2711 514 2768 et
529 2702 603 2762 haee
620 2700 743 2764 latifolia
757 2702 870 2764 melior.
903 2702 1059 2766 trurduutur
1074 2701 1168 2762 baem

162 2782 324 2861 adspersae
338 2782 432 2844 calida
447 2801 530 2862 aqua,
550 2801 619 2848 mox
634 2786 820 2846 doeouuutur.
846 2787 897 2850 alii
908 2785 1043 2849 loliorum
1055 2786 1198 2848 mollia-au

163 2867 234 2928 aima
249 2867 391 2928 deooeuut
406 2869 435 2928 iu
450 2869 518 2931 oleo
535 2878 566 2930 et
580 2871 760 2948 exprimunt,
775 2869 824 2930 alii
841 2870 956 2932 deiecta
973 2889 1009 2932 ea
1024 2871 1053 2928 iu
1069 2869 1168 2932 oleum

163 2952 244 3027 priua
260 2950 325 3012 eola
340 2960 488 3012 maturant.
511 2953 613 3016 eadem
624 2948 697 3016 ratio
710 2963 740 3014 et
750 2956 778 3014 in
788 2956 878 3015 autina
893 2964 998 3030 myrto,
1013 2954 1067 3014 sed
1081 2972 1167 3033 prae·

162 3034 254 3096 fertur
274 3025 417 3096 silvestria
438 3037 548 3098 minore
569 3039 695 3113 ueniae,
718 3055 804 3116 quam
823 3038 939 3116 quidam
960 3040 1170 3114 oxymyrsinen

163 3128 279 3195 meant,
295 3119 345 3180 alii
359 3118 634 3198 elenae-minen,
649 3121 738 3200 aliqui
750 3138 859 3186 aaaron
874 3123 1098 3188 aeimilitudiae.
1122 3131 1169 3183 eat

23 3272 26 3280 ,
118 3205 241 3266 taeniae
263 3203 378 3279 breuia,
401 3199 551 3266 iratieouir.
585 3205 631 3266 Fit
651 3215 681 3266 et
703 3225 720 3268 e
743 3208 832 3282 oitro,
859 3217 1023 3286 eupreaao,
1043 3206 1197 3268 uneibuarr

163 3287 345 3365 iuglandibua
361 3287 438 3367 quod
453 3289 600 3363 damnum
615 3293 736 3366 uocant,
759 3291 852 3366 malie,
873 3291 965 3352 eedro
977 3292 1058 3371 quod
1072 3292 1166 3370 pisae
1207 3299 1213 3324 ⁸

164 3369 261 3447 laeou,
278 3389 315 3434 ex
329 3390 420 3450 grano
437 3387 553 3452 quoque
567 3372 669 3449 Cnidio
686 3385 810 3454 purgato
821 3377 932 3439 terniue
945 3385 976 3436 et
985 3385 1083 3452 tunae,
1098 3377 1167 3436 item

164 3452 298 3516 lentisco.
333 3473 397 3518 uam
419 3466 448 3518 et
468 3459 617 3537 erpuinum
640 3468 670 3520 et
690 3478 707 3520 e
729 3459 834 3536 glande
857 3460 1005 3540 Aegyptia
1028 3469 1060 3522 ut
1082 3459 1167 3520 ieret
