2462 3900
168 181 229 244 tto
514 191 544 240 o.
560 191 822 240 enrurseounm

124 359 162 416 ⁶8
235 349 319 427 (15.)
339 346 412 410 lluic
422 346 524 406 similis
535 343 740 430 quiedamtenus
753 363 831 424 qnae
840 354 961 406 vocatur
972 344 1087 424 Cypria
1104 345 1173 404 ilem

171 430 308 494 increta.
336 449 401 492 uam
416 440 447 490 et
467 430 517 490 illa
527 429 646 490 caudice
662 432 728 508 ipsc
744 431 801 489 lert
815 446 930 510 pomum
946 439 976 489 et
990 431 1093 504 ramis,
1111 436 1173 488 eun

170 517 198 576 iu
213 515 432 576 crassitudinem
445 515 619 589 adolevere,
637 513 690 573 sed
705 515 780 574 haec
794 509 915 591 germen
929 514 1034 572 emittit
1051 515 1118 572 sine
1134 513 1173 572 al·

168 601 204 660 lis
219 601 298 660 loliis
311 599 401 660 radici
420 599 523 658 simile.
551 599 663 659 caudex
680 598 794 658 arboris
809 598 909 658 similis
924 597 1054 676 populo,
1075 597 1176 657 lolium

168 685 254 746 ulmo.
279 685 389 744 iructua
401 692 556 762 quaternos
568 681 670 758 fundit,
686 684 793 742 totiens
807 691 837 741 et
847 683 997 760 germinat.
1021 682 1077 740 sed
1092 693 1198 758 gros-t

168 788 218 830 sus
235 769 296 829 eins
312 785 369 828 non
384 767 551 828 maturescit
570 767 625 826 uisi
645 768 770 828 incisura
792 768 899 826 emisso
921 766 1023 825 tacte.
1046 767 1176 824 suauitas

170 863 199 914 et
214 853 353 914 interiora
369 851 432 926 lici,
448 850 614 928 magnitudo
629 849 719 911 sorbi.

126 948 161 1002 59
237 935 267 996 8.
284 935 368 1013 (16.)
385 935 492 995 Similis
504 943 535 994 et
546 951 628 1012 quam
645 934 731 996 lones
751 935 914 995 cerauniam
928 942 1052 1009 vocant,
1071 942 1176 992 trunco

171 1030 200 1080 et
220 1021 284 1098 ipsa
313 1017 433 1094 fertilis,
462 1035 577 1096 pomum
600 1018 714 1096 siliqua.
746 1019 783 1078 ob
804 1017 831 1078 id
861 1019 975 1096 quidam
995 1014 1177 1096 Aegyptiam

171 1104 255 1164 licum
272 1101 373 1166 dixere
395 1119 495 1162 errore
510 1101 672 1162 manilesto.
700 1107 762 1163 'nou
785 1104 859 1161 euim
874 1103 908 1180 'in
920 1101 1058 1181 Aegypto
1082 1103 1204 1161 nasci-n

171 1196 233 1262 tur,
251 1187 305 1246 sed
322 1188 352 1246 in
370 1187 454 1260 Syria
470 1184 607 1264 leniaque
626 1195 656 1245 et
672 1187 751 1247 circa
767 1183 887 1246 Gnidum
902 1196 989 1267 atque
1009 1185 1040 1244 iu
1054 1184 1176 1259 Rhodo,

82 1335 89 1357 ι
170 1289 288 1358 semper
310 1269 491 1330 comantibus
521 1269 619 1345 iuliis,
649 1269 722 1330 llore
748 1270 870 1331 candido
900 1287 963 1330 cnm
989 1269 1178 1330 vehementia

61 1425 63 1428 ¹
170 1355 286 1432 odoris,
303 1354 466 1433 plantigera
483 1355 546 1414 imis
561 1353 691 1432 partibus
706 1364 736 1414 et
746 1355 812 1413 ideo
826 1353 982 1433 superficie
996 1351 1176 1428 flavescens,

171 1454 272 1500 sucum
287 1439 439 1498 auferente
455 1437 570 1498 subole.
596 1455 683 1516 pomo
700 1439 903 1498 antecedentis
915 1439 979 1498 anni
995 1438 1074 1497 circa
1095 1439 1177 1497 canis

171 1533 253 1584 ortus
270 1522 401 1582 detineto
417 1524 512 1582 statim
527 1522 648 1582 alterum
665 1525 757 1602 parit,
779 1532 885 1602 postea
904 1521 990 1583 duret
1006 1539 1061 1600 per
1077 1531 1204 1582 arcun-n

169 1625 248 1680 rum,
265 1605 360 1666 bieme
377 1605 453 1666 letus
469 1608 531 1666 eius
547 1607 699 1666 nutriente.

127 1699 164 1754 60
238 1689 267 1748 9.
291 1691 376 1766 (17.)
400 1689 551 1768 Aegyptus
568 1699 597 1750 et
613 1691 757 1750 Persicam
774 1689 908 1750 arborem
924 1691 967 1750 sui
987 1692 1111 1768 generis
1127 1691 1175 1749 ba·

170 1773 237 1847 bet,
258 1772 380 1832 similem
398 1773 479 1850 piro,
506 1773 577 1832 lolia
592 1776 771 1834 retinentem.
802 1774 936 1834 fertilitas
959 1774 1077 1834 adsidua
1100 1776 1175 1849 eius,

172 1855 365 1914 subnascente
381 1857 507 1916 crastino
518 1856 629 1933 fructu,
645 1858 790 1918 maturitas
807 1861 962 1918 etesiarum
974 1858 1091 1918 adflatu.
1124 1875 1175 1938 po

171 1956 245 1998 mum
268 1937 382 2015 lougius
403 1941 483 2017 piro,
514 1940 655 2017 inclusum
679 1942 850 2018 amygdalae
866 1944 1010 2022 potamine
1033 1951 1063 2001 ct
1079 1944 1204 2016 corion

170 2022 274 2084 colore
290 2022 430 2099 herbido,
447 2023 501 2084 sed
518 2023 567 2084 ubi
584 2025 713 2100 auxilli,
731 2025 799 2084 lruic
817 2044 938 2105 prunum
954 2025 1093 2086 differens
1110 2027 1176 2085 bre·

173 2107 261 2168 vitate
278 2125 313 2166 ac
327 2107 448 2168 mollitia
464 2116 510 2183 et,
529 2111 658 2186 quamvis
676 2109 838 2170 blandiatur
853 2109 1019 2188 praedulcis
1033 2113 1176 2185 suavitas,

129 2199 163 2254 61
174 2191 334 2252 innocuum.
370 2193 509 2252 materies
528 2191 673 2269 bonitate,
704 2195 888 2271 firmitudine,
916 2195 1029 2271 nigritia
1057 2211 1177 2273 quoque

171 2276 239 2336 nibil
263 2275 435 2340 differensa
458 2276 529 2336 loto.
566 2276 718 2337 simulacra
736 2287 764 2337 et
787 2297 825 2338 ex
844 2297 879 2339 ea
894 2279 1076 2338 factitavere.
1119 2293 1177 2337 nou

74 2359 80 2378 '
172 2359 273 2419 eadem
290 2362 400 2436 gratia,
417 2377 587 2440 quamquam
603 2361 681 2421 lideli
699 2365 834 2438 materie,
850 2381 887 2421 cx
902 2362 1008 2423 arbore
1024 2376 1111 2440 mam
1127 2361 1206 2421 baa

136 2467 161 2504 cs
173 2442 268 2502 lanum
284 2443 508 2521 appellavimus,
532 2463 635 2522 magua
650 2463 688 2504 cx
703 2455 786 2523 parte
803 2456 963 2506 contortae.
993 2445 1106 2504 navalis
1126 2449 1176 2506 ita·

172 2542 227 2602 que
243 2534 350 2584 tanturn
367 2534 422 2586 est.
917 2562 927 2592 ,ι
1128 2553 1135 2558 ·

129 2615 164 2670 62
239 2607 323 2686 (18.)
346 2610 388 2668 At
408 2611 558 2673 ediverso
574 2615 638 2672 cuci
656 2613 946 2690 tamugaudensis,
968 2613 1081 2691 palmae
1098 2613 1176 2672 simi·

171 2691 226 2765 lis,
243 2692 356 2768 qnando
375 2697 481 2756 eteius
497 2696 575 2758 loliis
590 2704 704 2756 utuntur
718 2699 754 2758 ad
768 2698 888 2757 textilia.
922 2697 1033 2772 differt,
1052 2697 1134 2775 quod
1149 2699 1177 2756 iu

172 2774 309 2836 bracchia
327 2794 469 2840 ramorum
487 2782 642 2860 spargitur.
675 2797 761 2860 pomo
782 2781 946 2858 magnitudo
968 2799 1042 2860 quae
1060 2795 1205 2844 menania

141 2909 145 2912 .
171 2859 298 2938 inpleat,
321 2861 405 2921 color
419 2863 534 2941 dulsos,
553 2865 775 2926 commendabili
796 2884 868 2925 suco
885 2883 922 2925 ex
944 2875 1061 2925 austero
1085 2867 1176 2926 dulci.

171 2943 279 3020 lignum
296 2945 370 3004 intus
389 2951 498 3022 grande
520 2950 679 3030 dirutaeque
695 2951 834 3026 duritiae,
857 2969 894 3009 ex
918 2967 975 3029 qno
998 2950 1110 3010 velaris
1127 2953 1176 3012 de·

170 3037 285 3088 lornant
301 3028 413 3089 anulos.
453 3034 481 3092 in
500 3034 672 3094 eonuelaus
691 3033 801 3109 dulcis,
828 3033 892 3094 dum
908 3053 1013 3096 recens
1032 3045 1087 3094 est.
1120 3039 1177 3096 sic·

172 3121 254 3172 catus
269 3113 398 3174 durescit
415 3115 451 3175 ad
467 3118 604 3178 inlinitum
620 3127 650 3178 ut
668 3119 762 3178 mandi
784 3135 842 3178 noo
859 3121 953 3197 possit
969 3119 1023 3178 nisi
1038 3120 1176 3198 pluribus

172 3195 275 3256 dicbus
298 3209 472 3260 maceratus.
505 3204 641 3262 materies
668 3203 816 3282 crispioris
840 3203 1003 3281 elegantiae
1031 3212 1060 3262 et
1085 3203 1127 3270 ab
1144 3203 1205 3276 ‚idac

171 3277 268 3341 Persis
284 3283 457 3358 gratissima.

129 3367 164 3424 63
239 3364 322 3443 (19.)
346 3365 409 3430 Nec
428 3371 521 3429 minus
537 3371 617 3446 spina
641 3370 806 3430 celebratur
824 3371 853 3428 in
870 3373 970 3432 eadem
985 3380 1076 3450 gente
1096 3371 1175 3447 dunt»

172 3451 251 3504 taxat
268 3449 372 3528 nigra,
389 3455 522 3530 quoniam
538 3453 705 3532 incorrupta
718 3455 804 3514 etiam
824 3457 852 3514 iu
867 3458 951 3535 ¹aguis
967 3455 1066 3532 durat,
1089 3453 1129 3516 ob
1145 3453 1174 3515 id
