2482 3910
153 154 212 218 1¹98
463 163 768 214 o.eu1u1suouun1

149 323 271 398 strigem
286 321 440 396 mevenit,
462 319 516 380 sel
533 337 608 399 quae
628 321 665 380 sit
679 319 773 382 ιιιίιιιιι
790 329 926 382 onustam
944 333 1003 378 noa
1016 318 1161 381 arbitror.

107 407 222 471 23340.
241 405 339 466 Asinis
360 424 377 466 a
394 405 457 466 letu
471 403 587 480 dolent,
612 405 680 464 ideo
699 414 785 466 sextu
802 421 903 464 meuse
924 412 1025 466 mosot
1044 414 1160 484 parma,

151 509 215 550 oum
226 473 319 573 equ'ae
336 505 410 550 auuo
426 505 521 569 prope
536 498 598 548 toto
612 487 783 567 praebeant.
813 488 926 563 Quibus
942 488 1038 551 solida
1051 491 1164 570 sagula

149 593 207 720 2ξὲ-
220 573 662 737 ἳὶιῗιῆᾚῖἑὲιῖιὲῖῗ
678 573 873 720 ttulit?
882 572 1186 720 leiim.

150 761 233 820 gera,
249 745 342 804 boves
358 751 524 822 quatemus,
540 759 613 801 oves
629 750 659 800 et
674 759 781 820 eaprae
797 741 888 804 binas.
911 757 988 820 quae
1000 756 1160 804 nummoso

150 827 273 890 feouuda
288 836 373 905 partu
389 835 421 886 et
435 825 538 903 quum
553 826 633 903 digiti
650 826 831 905 impetibus,
854 827 929 888 loeo
942 826 1033 905 plumis
1050 826 1160 887 habeut

150 921 179 972 et
196 921 258 972 toto
274 920 378 972 ventre
392 909 501 988 duplici
518 910 636 985 ordino,
655 919 685 972 ut
705 929 792 984 sues,
812 927 978 988 generosae
995 909 1158 987 duodenas,

151 997 290 1074 volgares
316 992 391 1054 binis
414 994 514 1054 miuus.
557 995 689 1056 similiter
709 1013 808 1056 osnes.
853 995 910 1058 elia
935 1004 1038 1054 ventio
1061 997 1159 1058 meets

150 1089 315 1158 quaternas,
329 1088 360 1138 ιιι
374 1077 543 1156 pantherae,
558 1077 719 1154 alleluiae,
735 1089 765 1141 ut
777 1079 908 1141 leaenae.
938 1079 1081 1158 elephans
1097 1090 1157 1140 tau·
1169 1097 1191 1138 ιι

150 1173 209 1224 tum
220 1162 274 1224 suli
286 1164 372 1223 armis
388 1162 470 1238 duas,
486 1181 542 1224 nee
557 1165 585 1224 iu
601 1173 735 1242 pectore,
746 1164 802 1224 sed
814 1165 885 1224 eitm
900 1166 928 1224 io
943 1164 997 1224 alis
1014 1165 1157 1226 oooaltas.

106 1255 160 1314 tot
170 1247 241 1310 nulli
261 1249 290 1306 in
304 1246 457 1308 feminibus
471 1247 577 1326 digitos
592 1248 766 1326 habentium.
807 1250 905 1326 primis
922 1250 1029 1326 gemitis
1040 1250 1073 1308 in
1086 1267 1158 1328 quo

91 1363 95 1372 ·
151 1350 208 1412 que
220 1343 304 1411 partu
317 1351 385 1394 sues
401 1335 507 1412 primas
520 1333 673 1412 praebent,
687 1349 742 1393 eae
754 1341 819 1393 aaut
832 1332 968 1411 laueilsus
983 1350 1158 1410 proxumae,

151 1427 179 1476 et
195 1435 275 1478 suam
292 1418 515 1497 quisquamst
537 1420 567 1478 iu
581 1418 640 1478 fetu
661 1433 720 1496 quo
735 1419 851 1494 gemitus
866 1427 912 1477 est
923 1416 1045 1491 otiliae,
1064 1435 1160 1496 eaque

150 1502 245 1578 alitus,
261 1521 317 1562 uee
334 1502 400 1562 alia.
430 1502 563 1566 detracto
580 1501 629 1562 illa
647 1502 762 1562 alumno
779 1519 832 1562 suo
850 1501 1009 1562 sterilescit
1022 1501 1108 1564 illios
1124 1521 1157 1562 ao
1168 1515 1190 1556 ιι

150 1586 254 1660 resilit,
270 1603 327 1646 uuo
344 1603 416 1645 veru
431 1603 471 1646 ex
486 1588 562 1648 omui
576 1584 659 1646 turba
675 1585 780 1646 relicto
797 1586 1001 1648 solamuuilex
1015 1603 1092 1664 quae
1106 1605 1158 1664 ge·

105 1669 228 1734 ensuite
249 1669 345 1729 luerat
367 1669 500 1731 attributa
524 1670 680 1748 dependet.
725 1689 811 1730 ursae
841 1688 976 1730 mammas
1001 1680 1158 1748 quaternas
1179 1679 1182 1684 '

149 1760 264 1830 gerunt.
302 1752 431 1830 delphini
447 1751 529 1814 binas
546 1755 573 1813 in
589 1756 644 1814 ima
658 1754 725 1814 alvo
744 1755 869 1834 papillas
885 1765 1009 1830 tautum,
1024 1773 1082 1814 nee
1099 1757 1158 1815 evi·

150 1836 244 1898 dentis
266 1844 296 1895 et
313 1835 427 1914 paulum
449 1839 477 1896 iu
494 1837 620 1898 oblicum
637 1847 799 1916 pumeetat.
837 1857 893 1900 uee
910 1838 987 1898 aliud
1008 1840 1116 1901 animal
1132 1841 1159 1899 iu

152 1937 239 1978 eursu
254 1919 395 1981 lambitur.
427 1931 457 1980 et
474 1921 616 1983 balaenae
631 1933 726 1984 autem
741 1924 881 2004 vitulique
903 1924 1003 1986 marlei
1025 1926 1154 1984 mammis
1164 1941 1189 1982 uo

151 2005 277 2064 nutriunt
297 2004 383 2064 fetus.

107 2096 160 2152 236
233 2089 284 2150 ul.
304 2089 388 2168 (96.)
409 2088 523 2151 llulieri
539 2099 606 2150 aute
622 2101 783 2170 septumum
799 2111 929 2155 mensem
945 2092 1098 2170 profusam
1114 2083 1159 2152 l'ao

151 2171 261 2249 inutile,
281 2172 316 2234 ab
333 2192 370 2234 eo
384 2192 502 2250 meuse,
520 2193 577 2254 quo
595 2177 699 2238 vitales
714 2186 824 2255 partus,
844 2176 971 2238 salubre.
1007 2177 1159 2255 plerisque

149 2267 245 2318 autem
261 2259 330 2322 totis
346 2262 475 2322 mammis
490 2269 576 2339 etque
593 2262 679 2320 etiam
693 2261 802 2322 alarum
815 2262 878 2324 sinu
893 2261 965 2320 lluit.
992 2261 1099 2322 cameli
1113 2261 1160 2320 leo

149 2340 258 2402 habeut
274 2343 368 2404 donee
384 2347 487 2406 iterum
502 2353 686 2422 gravescunt.
718 2347 917 2406 suavissimum
933 2345 962 2405 iu
977 2347 1191 2406 existimaturos

149 2425 185 2484 ad
199 2443 283 2488 uuam
299 2446 463 2488 mensuram
477 2428 569 2490 tribus
581 2447 674 2507 aquae
690 2428 802 2490 additis.
820 2429 875 2490 bos
887 2439 958 2490 aete
973 2439 1088 2509 partum
1103 2445 1161 2488 uon

108 2529 113 2543 ι
150 2507 249 2584 habet,
269 2519 299 2569 et
313 2513 406 2588 primo
424 2529 572 2590 sempera
589 2522 673 2592 partu
688 2513 837 2575 colostrae
855 2515 935 2589 flunt,
953 2515 981 2572 ui
998 2513 1160 2574 admiscea-

143 2599 195 2664 tur
213 2608 304 2670 aqua,
331 2594 359 2654 iu
380 2597 500 2672 pumieis
519 2598 633 2659 modum
654 2606 779 2658 ooeuute
805 2599 917 2658 duritia.
949 2599 1048 2658 asinae
1075 2615 1159 2680 prae·

149 2684 253 2752 goetos
270 2679 404 2740 contiuuo
424 2680 595 2743 laeteseunt.
635 2682 732 2760 pullos
748 2700 862 2758 earum,
879 2681 928 2743 uhi
945 2684 1054 2762 pingue
1069 2679 1160 2760 pabu-

149 2759 218 2834 lum,
233 2757 322 2821 biduo
337 2781 355 2822 a
369 2773 453 2842 pastu
472 2773 630 2828 maternum
646 2765 692 2827 lae
710 2775 846 2844 gustasse
862 2767 952 2828 letale
969 2775 1024 2829 est.
1063 2777 1190 2844 geumtt

106 2843 235 2910 utimali
251 2855 374 2908 vocatur
390 2848 572 2910 eolostratio.
599 2849 710 2912 Caseus
725 2867 783 2910 nom
799 2851 829 2910 lit
843 2869 883 2911 ex
899 2853 1042 2930 utrimque
1059 2851 1159 2910 deuta-

149 2931 352 3010 tis‚uuouiam
369 2949 469 2992 eorum
485 2935 531 2994 lae
552 2950 609 2995 oon
628 2937 695 2994 ooit.
725 2936 921 2996 tenuissimum
937 2934 1073 3010 camelis,
1092 2952 1160 2994 mox

105 3015 263 3094 tesquis,
276 3017 486 3078 erassissimum
501 3019 612 3095 asima,
627 3028 728 3098 utque
741 3020 1063 3098 eoaguliuieeuttntur.
1082 3018 1159 3078 Con·
1208 3021 1212 3046 ¹

8 3111 9 3116 ’
151 3099 230 3160 ieme
246 3099 356 3180 aliquid
371 3101 534 3163 etoauderi
550 3105 579 3164 io
595 3104 745 3166 mulierum
768 3114 834 3166 oute
857 3105 1047 3166 existimatur.
1083 3103 1159 3182 Pop·
1232 3177 1233 3184 ἵ

152 3200 226 3261 paea
241 3195 321 3246 ceute
339 3185 446 3248 Domiti
459 3185 585 3248 Neronis
604 3191 728 3251 eoniuux
744 3190 917 3268 quingentas
932 3204 986 3268 per
999 3188 1099 3248 *omnia
1114 3199 1191 3248 seu

152 3283 217 3328 eam
240 3269 316 3330 letas
337 3269 454 3334 trahens
476 3269 644 3334 balnearum
669 3276 753 3359 etiam
773 3273 849 3334 solio
870 3282 960 3334 totam
982 3289 1092 3350 eorpus
1108 3272 1160 3332 illo

152 3348 228 3410 laete
250 3356 434 3432 maceratns,
453 3356 571 3416 extendi
588 3375 704 3437 quoque
726 3367 821 3416 eutem
836 3359 972 3420 eredens.
1003 3374 1090 3417 omne
1109 3373 1160 3416 au·
1229 3343 1233 3426 l

152 3440 212 3492 tem
225 3435 291 3511 igne
308 3442 460 3518 spissatur,
475 3457 577 3502 umore
592 3445 726 3502 serescit.
770 3441 908 3504 bubulum
925 3458 1015 3504 oaseo
1032 3441 1161 3502 fertilius
1232 3429 1233 3460 ³
