2462 3900
175 195 237 260 238
493 209 501 222 ‘
521 207 551 256 c.
568 207 665 254 amru
683 205 832 254 succum

175 367 219 426 his
238 383 347 443 genus,
365 371 497 443 putatae,
515 361 601 420 nimio
614 359 727 438 liquore
740 359 864 420 abundat
878 361 1041 439 rumpitque
1055 379 1091 421 se
1105 363 1186 440 pomi

16 483 19 492 ·
131 451 286 529 suipsius,
304 449 389 508 etiam
404 449 432 507 in
451 465 502 507 sua
517 455 624 520 matre,
648 443 792 520 ebrietas,
815 445 935 505 calcatis
950 444 1063 508 similis.
1096 447 1186 506 Suum

175 551 266 610 genus
290 552 306 593 e
322 533 448 592 sicciore
464 529 548 590 turba
564 529 703 603 dactylis,
718 529 880 607 praelonga
895 529 1062 605 gracilitate
1081 547 1184 591 curra·

174 621 211 678 tis
227 619 347 677 interim.
378 634 442 676 nam
460 633 531 693 quas
547 632 585 673 ax
600 613 645 673 bis
660 613 763 673 honori
776 614 896 694 deorum
913 613 1013 672 damus
1030 613 1186 688 chydaeos

132 709 166 765 47
176 701 336 781 appellavit
350 700 475 776 ludaea,
491 717 563 776 gens
581 698 752 758 contumelia
771 697 913 758 numinum
928 697 1061 773 insignis.
1095 697 1129 757 lu
1144 708 1201 758 toa

174 797 231 847 tum
249 796 366 846 arentes
382 783 523 844 Thebaidi
545 792 632 860 atque
647 781 773 842 Arabiae
788 799 945 861 macroque
969 797 1104 860 corpore
1127 784 1184 842 exi·

175 871 237 945 les,
261 879 291 930 et
308 869 429 930 adsiduo
444 884 556 945 uapore
571 875 700 926 torrente
722 875 847 926 crustam
868 867 965 925 uerius
984 883 1073 943 quam
1092 876 1185 926 cutem

175 954 331 1014 obducunt.
353 953 382 1012 iu
394 954 456 1029 ipsa
473 951 590 1030 quidem
603 951 758 1028 Aethiopia
772 950 873 1010 iriatur
888 950 972 1026 haec,
989 981 1032 996 ἡ
1043 960 1128 1011 tanta
1145 959 1184 1010 est

174 1039 303 1111 siccitas,
315 1069 357 1080 -—
365 1045 394 1096 et
406 1036 515 1096 ianuae
523 1035 611 1095 modo
621 1036 763 1113 spissatur
773 1037 802 1094 in
814 1050 926 1112 panem.
943 1034 1078 1110 gignitur
1091 1045 1185 1095 autem

175 1123 203 1180 iu
217 1121 321 1180 frutice
337 1122 424 1180 ramis
441 1119 632 1194 cubitalibus,
648 1119 721 1179 iulio
738 1119 857 1194 latiore,
875 1135 962 1197 pomo
973 1119 1120 1196 rotundo,
1136 1118 1208 1180 seda

176 1206 286 1264 maiore
301 1223 385 1283 quam
401 1203 468 1265 mali
484 1203 685 1282 amplitudine,
711 1221 818 1263 coecas
833 1211 949 1265 vocant.
980 1203 1114 1263 triennio
1131 1221 1184 1263 ma·

176 1298 341 1367 turescunt,
366 1303 542 1368 semperque
569 1287 665 1348 frutici
688 1303 801 1366 pomum
824 1297 870 1346 est
891 1286 1093 1347 subnascente
1118 1289 1182 1349 alio,

132 1373 331 1439 lfl'l'hebaidis
348 1374 458 1434 fructus
475 1372 624 1450 extemplo
640 1366 668 1432 in
682 1372 770 1432 cados
787 1371 919 1431 conditur
931 1389 994 1430 cum
1009 1373 1054 1429 sui
1068 1372 1183 1433 ardoris

174 1460 276 1520 anima.
299 1459 328 1519 ni
342 1460 451 1534 itabat,
466 1457 603 1516 celeriter
616 1457 745 1533 exspirat
756 1449 967 1534 marcescitque
980 1459 1182 1516 nouretostus

174 1545 274 1606 burnis.
308 1541 332 1602 Ε
354 1544 468 1621 reliquo
493 1559 604 1619 genere
625 1539 761 1618 plebeiae
783 1540 915 1600 videntur
932 1539 1037 1614 Syriae
1058 1550 1092 1599 et
1114 1553 1207 1620 quasa

174 1635 335 1702 tragemata
352 1626 510 1706 appellant.
543 1644 608 1686 nam
632 1625 660 1682 in
684 1625 739 1684 alia
760 1631 844 1702 parte
860 1623 1023 1684 Phoenices
1043 1620 1181 1684 Ciliciae

176 1727 233 1788 que
249 1709 382 1787 populari
394 1712 479 1769 etiam
491 1711 605 1769 nomine
622 1727 638 1768 a
652 1705 739 1767 nobis
752 1707 935 1787 appellantur
946 1707 1051 1766 balani.
1080 1725 1182 1768 eorum

132 1800 167 1856 49
179 1809 296 1870 quoque
314 1792 396 1871 plura
417 1811 537 1869 genera.
568 1792 710 1852 Diderunt
726 1793 816 1869 ligura
839 1792 1019 1851 rotunditatis
1044 1801 1096 1851 aut
1109 1805 1183 1871 ¹pro-

178 1877 317 1949 ceritatis,
334 1875 468 1935 differunt
480 1884 509 1934 et
524 1875 641 1952 colore,
658 1878 802 1954 nigriores
818 1893 853 1936 ac
867 1876 1014 1936 rubentes.
1038 1891 1098 1935 nec
1114 1894 1181 1955 pau·

176 1961 274 2019 ciores
290 1960 346 2018 lico
359 1959 507 2020 traduntur
519 1961 648 2036 colores,
663 1977 794 2020 maxume
809 1969 903 2020 tamen
919 1959 1036 2038 placent
1053 1959 1179 2020 candidi.
1189 1967 1209 2008 ²⁰

177 2044 281 2105 distant
298 2053 327 2104 ct
342 2045 551 2121 magnitudine,
565 2054 651 2123 prout
664 2045 743 2104 multi
759 2045 886 2104 cubitum
900 2045 1046 2119 effecere,
1063 2043 1180 2122 quidam

177 2138 241 2188 sunt
263 2147 321 2188 non
336 2130 493 2207 ampliores
508 2128 585 2190 laba.
617 2139 768 2189 servantur
783 2128 812 2188 hi
828 2129 940 2188 demum
958 2129 1006 2206 qui
1021 2137 1181 2187 nascuntur

176 2215 204 2286 in
218 2215 303 2274 salsis
315 2224 402 2292 atque
416 2213 570 2290 sabulosis,
583 2223 614 2273 ut
629 2215 657 2272 in
669 2211 775 2273 ludaea
788 2221 874 2290 atque
888 2210 1049 2286 Cyrenaica
1066 2210 1179 2286 Africa,

176 2315 234 2356 non
248 2300 317 2358 item
331 2301 359 2358 iu
371 2298 520 2377 Aegypto,
533 2296 644 2376 Cypro,
655 2297 749 2371 Syria,
762 2296 898 2357 Seleucia
911 2296 1062 2370 Assyriae,
1080 2313 1180 2373 quam

134 2390 170 2442 to
181 2381 281 2441 obrem
297 2400 365 2441 sues
386 2392 416 2442 et
430 2383 544 2460 reliqua
557 2380 688 2442 animalia
705 2400 743 2440 ex
762 2382 796 2440 iis
811 2382 985 2458 saginantur.
1014 2377 1117 2440 Vitiati
1133 2387 1207 2439 aute

177 2467 283 2524 uetusti
307 2467 369 2524 eius
390 2467 468 2542 pomi
490 2468 601 2542 signum
623 2475 667 2525 est
686 2465 831 2524 decidisse
854 2464 1003 2525 candidam
1024 2481 1179 2524 verrucam

178 2563 234 2624 qua
255 2565 371 2607 racemo
393 2549 585 2620 adhaeserint.
616 2548 776 2608 Alexandri
794 2550 898 2609 milites
913 2547 1014 2626 palmis
1038 2547 1180 2608 viridibus

178 2629 347 2705 strangulati
364 2641 438 2692 sunt.
460 2633 489 2692 in
505 2632 643 2694 Gedrosis
660 2633 688 2692 id
700 2631 806 2692 iactum
822 2641 867 2692 est
882 2633 958 2710 pomi
970 2648 1095 2708 genere,
1113 2631 1180 2693 alibi

117 2721 120 2728 '
178 2713 262 2790 copia
285 2717 391 2777 evenit.
425 2726 469 2776 est
491 2717 564 2776 enim
589 2725 665 2776 tanta
687 2718 812 2776 suauitas
834 2717 952 2776 musteis
974 2725 1003 2774 ut
1021 2715 1085 2774 linis
1103 2733 1179 2778 man·

178 2797 264 2857 deudi
279 2800 400 2857 nonnisi
415 2801 545 2877 periculo
562 2801 619 2860 liat.
668 2827 670 2831 ·
1186 2813 1207 2854 au

135 2891 170 2944 51
245 2881 273 2940 5.
299 2882 383 2960 (to.)
407 2885 489 2959 Syria
511 2893 628 2963 praeter
649 2885 723 2944 hauc
749 2885 905 2963 peculiaris
927 2885 1014 2944 habet
1038 2879 1199 2966 arboress'

179 2967 207 3025 in
228 2983 330 3026 nucum
351 2985 461 3042 genere
477 2970 606 3047 'pistacia
629 2977 705 3028 nota.
738 2970 882 3048 prodesse
900 2969 1040 3029 adversus
1058 2986 1178 3048 serpeu-

178 3051 248 3109 tium
259 3067 372 3110 morsus
388 3052 535 3112 traduntur
547 3061 576 3113 et
591 3062 661 3130 potu
677 3062 705 3111 et
721 3053 795 3112 cibo,
818 3053 845 3110 in
860 3053 980 3113 ficorum
993 3061 1088 3112 autem
1106 3051 1178 3114 cari·

181 3151 231 3194 cas
253 3144 282 3194 et
302 3137 428 3194 minores
452 3137 581 3197 eiusdem
603 3139 722 3214 generis
743 3155 815 3215 quas
837 3144 951 3198 cottana
968 3143 1091 3210 vocant,
1111 3139 1178 3197 item

179 3235 270 3296 pruna
285 3220 314 3277 in
328 3217 471 3280 Damasco
491 3215 674 3281 nomenata
692 3230 721 3280 et
739 3239 839 3296 myra,
864 3230 1012 3299 utramque
1028 3220 1083 3279 iam
1098 3221 1206 3282 iani-ss

180 3300 279 3361 liuram
296 3301 406 3364 ltaliae.
442 3321 458 3364 e
473 3306 565 3378 myxis
582 3306 609 3363 in
625 3305 766 3387 Aegypto,
778 3313 807 3363 et
821 3306 887 3365 rina
903 3306 980 3365 liunt.

138 3389 172 3442 ot
244 3385 328 3464 (11.)
352 3385 469 3466 lunipiri
489 3388 609 3447 similem
625 3389 712 3448 habet
726 3387 873 3450 Phoenice
889 3389 1006 3449 cedrum
1026 3389 1176 3448 minorem.

181 3465 237 3524 duo
258 3469 320 3528 eius
341 3485 469 3547 genera,
490 3471 577 3546 Lycia
601 3480 630 3531 at
651 3472 822 3548 Phoenicia,
844 3473 978 3533 differunt
999 3471 1082 3532 lolia.
1115 3489 1178 3532 nam
