2482 3910
529 150 558 197 0.
574 149 670 212 ¹PLINI
686 145 834 195 sacuam

437 391 472 474 tl.
502 388 647 482 llll!
676 384 926 469 stddltl

283 540 654 644 llllllllt
692 535 1070 632 llltltltllt

514 704 801 771 nissam.

595 873 750 882 ---——

149 996 162 1044 1
237 981 330 1056 (Sect.
349 981 394 1057 1.)
410 977 530 1038 Restant
546 981 691 1038 inmensae
711 977 876 1036 subtilitatis
890 971 1039 1047 animalia,
1058 970 1171 1050 quaudo

175 1065 262 1142 aliqui
278 1081 312 1121 ea
328 1079 423 1140 neque
435 1064 546 1141 spirare
559 1073 590 1122 et
601 1063 739 1139 sauguine
755 1063 840 1122 etiam
855 1075 957 1120 carere
972 1057 1190 1135 prodiderunts

176 1147 246 1225 Cap.
258 1149 283 1205 l.
296 1143 1099 1223 llultabaecetmultigeneraterrestriumvolucrumque
1108 1143 1172 1200 vita.

175 1232 230 1290 alia
247 1233 370 1308 pinnata,
388 1239 418 1290 ut
435 1249 517 1308 apes,
533 1231 588 1290 alia
604 1241 726 1307 utroque
742 1229 893 1302 modo,-ut
910 1227 1062 1299 formicae,
1080 1223 1174 1302 aliqua

176 1325 205 1375 et
220 1317 311 1394 pinnis
327 1322 356 1374 et
373 1313 495 1392 pedibus
512 1316 649 1389 carentia,
662 1315 723 1372 iure
739 1313 832 1371 omnia
849 1313 959 1370 insecta
975 1308 1127 1387 appellata
1141 1307 1173 1366 ab

176 1402 306 1460 incisuris
321 1417 396 1478 quae
414 1417 487 1458 nuno
506 1400 651 1457 cervicum
667 1398 751 1472 loco,
771 1413 844 1454 nune
862 1403 1012 1473 pectorum
1029 1402 1121 1470 atque
1136 1391 1174 1450 al·

176 1485 214 1557 vi,
232 1485 395 1560 praecincta
411 1492 545 1559 separant
559 1481 696 1555 membra,
710 1482 787 1540 tenui
803 1480 889 1540 modo
902 1478 995 1538 listula
1011 1477 1171 1536 cohaereri·
1183 1497 1204 1537 ιι

176 1569 224 1624 tia.
247 1567 350 1644 aliquis
361 1582 432 1624 vero
451 1582 506 1623 non
521 1575 580 1624 tota
596 1566 729 1638 incisura,
741 1581 803 1623 eam
819 1563 961 1622 ambiente
978 1579 1062 1637 ruga,
1078 1560 1174 1618 sedin

177 1649 243 1708 alro
259 1657 306 1706 aut
321 1665 446 1724 superne
461 1657 566 1708 tanturn
579 1647 733 1708 imbricatis
750 1647 839 1708 flexili
851 1645 1011 1718 vertebris,
1033 1660 1173 1722 nusquam

150 1743 166 1794 2
181 1731 247 1790 alibi
259 1731 434 1807 spectatiore
446 1740 564 1790 naturae
575 1749 669 1790 rerum
680 1732 809 1792 artificio.
828 1730 856 1789 2.
870 1733 898 1789 ln
909 1727 1019 1805 magnis
1030 1728 1174 1826 siquidem

178 1812 347 1891 corporibus
372 1821 418 1871 aut
439 1821 519 1872 certe
535 1813 689 1874 maioribus
704 1815 798 1875 facilis
813 1815 927 1875 officina
949 1830 1069 1891 sequaci
1086 1821 1173 1870 mate·

177 1899 219 1955 ria
234 1897 294 1955 luit.
323 1897 351 1954 in
366 1897 410 1956 his
426 1905 482 1955 tarn
497 1899 593 1974 parvis
608 1903 693 1976 atqn‘e
708 1908 763 1958 tam
778 1898 863 1958 nullis
877 1915 952 1977 qnae
966 1897 1052 1970 ratio,
1069 1902 1204 1972 quantam

177 1982 231 2055 vis,
248 1998 331 2058 quam
345 1979 552 2040 inextricabilis
570 1981 728 2059 perfectio!
759 1981 807 2040 ubi
826 1990 869 2041 tot
891 1997 994 2040 sensus
1017 1977 1175 2038 collocavit

179 2066 206 2124 in
221 2063 337 2124 culice?
352 2098 392 2108 -
408 2073 437 2124 et
454 2062 517 2124 sunt
536 2065 592 2124 alia
614 2064 690 2124 dictu
705 2067 814 2125 minora
828 2099 884 2137 -,
904 2065 956 2123 sed
973 2063 1023 2122 ubi
1037 2065 1133 2121 risum
1147 2063 1175 2119 in

180 2167 216 2208 eo
232 2147 413 2228 praetendit?
434 2148 483 2207 nbi
498 2158 641 2225 gustatum
660 2147 836 2226 adplicavit?
857 2147 905 2206 ubi
929 2149 1078 2207 odoratum
1096 2148 1174 2204 inse*

178 2230 254 2293 ruit?
268 2233 316 2292 ubi
331 2250 402 2292 vero
418 2233 606 2292 truculentam
617 2232 694 2292 illam
707 2242 736 2291 et
746 2234 880 2310 portione
896 2248 1054 2290 maxumum
1068 2245 1174 2288 vocem

149 2314 377 2393 singeneravit?
395 2333 450 2394 qua
465 2315 621 2374 subtilitate
638 2317 738 2394 pinnas
758 2315 888 2389 adnevit,
906 2315 1108 2394 praelongavit
1123 2331 1206 2390 poso

180 2403 244 2461 dum
261 2417 354 2474 crura,
371 2400 512 2477 disposuit
525 2400 646 2458 ieiunam
663 2415 790 2474 caveam,
806 2401 845 2458 uti
862 2399 966 2473 alvom,
982 2397 1092 2458 avidam
1110 2391 1174 2455 san·¹

180 2485 282 2558 guinis,
300 2483 519 2559 ‹et-potissimum
534 2481 645 2542 humani
663 2483 737 2543 sitim
753 2483 900 2542 accendit!
916 2482 1004 2541 telum
1018 2497 1090 2540 vero
1107 2499 1181 2558 per*

179 2563 317 2623 fodiendo
331 2565 442 2639 tergori
459 2581 515 2641 quo
538 2566 689 2642 spiculavit
708 2567 838 2643 ingenio,
858 2575 944 2647 atque
964 2574 995 2624 ut
1015 2565 1174 2641 incapaci,

180 2665 244 2706 cum
259 2649 338 2704 cerni
353 2665 410 2705 non
425 2650 518 2725 possit
533 2649 656 2723 exilitas,
670 2652 822 2727 reciproca
839 2649 989 2726 generavit
1005 2655 1067 2707 arte
1082 2655 1115 2706 ut
1130 2647 1175 2706 iu·

114 2781 118 2784 .
180 2729 285 2791 diendo
305 2731 491 2814 acuminatum
522 2733 629 2809 pariter
661 2733 863 2811 sorbendoque
894 2731 1055 2791 fistulosum
1079 2729 1209 2792 essetlat

181 2831 254 2894 quos
269 2814 390 2873 teredini
405 2814 439 2874 ad
454 2815 626 2893 perforanda
642 2816 746 2877 robora
764 2836 826 2875 cum
841 2832 913 2875 sono
925 2824 1000 2875 teste
1016 2815 1111 2874 dentis
1127 2815 1176 2874 ad·

151 2895 250 2974 rfixtt,
268 2899 500 2977 potissimumque
514 2919 530 2958 e
542 2900 620 2975 ligno
633 2900 754 2958 cibatum
769 2901 852 2959 lecit!
870 2899 922 2958 sed
937 2901 1096 2974 turrigeros
1112 2898 1175 2958 ele·

181 2983 348 3060 phantorum
370 2983 502 3042 miramur
522 2999 638 3044 umeros
658 2993 860 3062 taurorumque
886 2984 962 3044 oolla
987 2992 1017 3042 et
1039 2983 1130 3046 trucis
1148 2984 1176 3040 ia

182 3067 301 3126 sublime
316 3067 418 3140 iactus,
433 3067 545 3141 tigrium
560 3069 685 3144 rapinas,
701 3069 815 3126 leonum
831 3067 923 3142 iubas,
937 3085 1000 3126 cum
1014 3085 1111 3125 reram
1127 3083 1175 3124 na·

182 3158 243 3210 tura
266 3150 403 3226 nusquam
425 3151 514 3225 magis
536 3167 617 3226 quarn
641 3152 669 3208 in
689 3152 817 3209 minumis
837 3160 897 3211 tota
917 3153 962 3210 sit.
996 3159 1179 3228 quapropter
1186 3173 1212 3215 ω

183 3249 307 3309 quaeso,
331 3245 367 3291 ne
385 3233 532 3309 legentes,
556 3236 687 3310 quoniam
704 3253 740 3294 ex
756 3233 800 3292 bis
815 3243 955 3312 spernunt
968 3235 1071 3308 multa,
1091 3242 1176 3291 elram

184 3316 275 3375 relata
296 3315 410 3377 fastidio
430 3317 577 3391 damnent,
596 3335 657 3376 cum
673 3319 701 3377 in
715 3318 957 3397 contemplatione
972 3327 1091 3378 naturae
1107 3315 1177 3376 nihil

185 3403 276 3473 possit
292 3401 383 3460 videri
401 3417 617 3479 supervacuum.
