2444 3908
287 191 367 238 nnn.
388 191 479 238 msc.
496 191 585 238 vurr.
603 187 724 242 so-sn
745 179 897 259 (stt—51.)
932 180 936 195 '
1029 151 1109 247 103υ

84 354 168 406 caret
186 346 335 422 sauguine.
365 345 456 406 latent
479 345 626 406 mensibus
648 348 749 424 quinis.
781 348 913 408 similiter
929 351 1026 410 canori
1042 351 1090 428 qui

60 511 62 514 Ι
85 429 192 490 codena
207 439 340 508 ternpore
360 431 550 506 occultantur,
567 440 596 490 et
610 430 694 493 ambo
707 433 784 492 ueris
800 433 945 510 principio
957 441 1091 496 senectut-

83 523 144 574 tem
161 516 294 591 anguium
308 531 389 574 inore
413 523 519 574 exuunt
542 517 731 575 renovatione
753 525 910 592 tergorum.
944 527 1042 578 cetera
1064 519 1092 578 in
1123 569 1129 583 .

82 599 167 658 undis
183 589 290 675 natant,
309 599 440 659 locustae
456 601 629 678 reptantium
643 598 730 661 modo
745 599 873 675 hnitaut‚
898 601 922 660 si
939 600 1035 660 nullus
1050 604 1091 662 in·

60 691 299 761 ingrannum,
321 692 404 742 recto
420 690 531 758 mentm
556 683 690 744 cornibus
711 701 787 762 qnae
816 693 882 744 sunt
904 685 1027 762 propria
1045 702 1091 745 rn-

82 768 225 827 tnnditate
246 767 408 846 praepilatis
424 769 460 828 ad
478 768 569 828 latera
588 769 743 846 porrectis,
755 769 857 828 iisdem
873 771 979 830 erectis
997 770 1026 827 in
1042 787 1091 846 pa·

81 869 158 912 vore
175 851 294 930 oblique
309 853 337 910 in
355 852 447 912 latera
458 853 630 931 procedunt.
655 851 793 913 cornibus
808 855 883 914 inter
898 871 931 912 se
947 852 1090 920 dimicant.
1164 903 1168 914 .

82 955 170 996 unum
191 936 249 997 hoc
267 935 444 1012 animalium,
469 939 523 996 nisi
544 939 640 1001 vivom
663 937 789 997 ferventi
813 955 887 1015 aqua
909 939 1090 1014 insequatur,

82 1021 171 1082 fluida
200 1039 287 1081 carne
303 1039 361 1083 non
378 1020 467 1081 habet
493 1021 606 1082 callurn.
645 1021 695 1082 31.
719 1021 826 1081 Vivent
854 1021 982 1100 neironis
1004 1021 1133 1096 locis‚96

45 1104 183 1166 tocaucri
210 1104 356 1165 mollibus.
395 1104 489 1164 hieme
511 1107 611 1183 aprica
632 1105 729 1166 litora·
742 1115 905 1181 sectantur,
939 1113 1049 1164 aestate
1064 1106 1092 1164 in

83 1207 179 1268 opaca
197 1191 343 1280 gurgitum
357 1191 507 1269 recedunt.
535 1191 631 1250 omnia
647 1193 709 1250 eius
725 1192 842 1267 generis
858 1181 953 1250 hieme
973 1189 1090 1249 laedon·

81 1285 139 1350 tur,
158 1283 292 1334 autumno
314 1283 343 1334 et
362 1289 436 1334 vere
459 1276 652 1352 pinguescunt
668 1283 696 1332 et
711 1275 871 1351 plenilunio
887 1274 1006 1349 magis‚'
1026 1273 1091 1350 qnia

81 1367 171 1418 nocte
189 1358 269 1417 sidus
286 1358 384 1438 tepido
401 1359 516 1436 fulgore
529 1357 666 1418 mitificat.

149 1443 234 1522 (51.)
260 1441 436 1503 Cancrorum
452 1447 562 1520 genera
579 1441 691 1517 carabi,
717 1443 823 1516 astaci,
840 1457 957 1517 macae,
974 1441 1087 1520 pagani,
1098 1447 1132 1504 st

47 1526 292 1602 tolleracleotici‚
311 1528 414 1586 leones
430 1535 459 1586 et
474 1527 531 1586 alia
546 1526 730 1604 ignobiliora.
765 1524 863 1586 carabi
880 1525 969 1586 cauda
982 1541 999 1585 a
1011 1534 1089 1586 cete-
1165 1577 1167 1587 .

81 1612 122 1670 ris
137 1613 251 1672 cancris
267 1611 381 1671 distant.
415 1612 442 1670 in
452 1611 598 1672 Phoenice
611 1611 720 1690 hippoe
732 1619 884 1685 vocantur,
900 1619 996 1671 tantae
1008 1609 1090 1670 reio

83 1697 179 1755 citatis
196 1705 227 1755 ut
242 1698 384 1774 consequi
396 1713 453 1756 non
469 1697 515 1756 sit.
547 1694 666 1756 cancris
681 1697 740 1756 uita
759 1695 857 1771 longa,
874 1694 967 1772 pedes
982 1694 1090 1767 octoni,

82 1790 185 1840 ornnes
208 1782 236 1839 in
258 1780 406 1858 obliquent
428 1780 506 1844 texi.
538 1780 662 1840 feminae
678 1783 785 1859 primns
800 1797 854 1859 pes
874 1778 1000 1857 duplex,
1022 1777 1093 1838 mari

82 1863 219 1943 simplex.
249 1875 404 1942 praeterea
418 1865 485 1924 bina
502 1865 638 1925 bracchia
654 1864 837 1926 denticulatis
853 1862 1013 1923 forficibus.
1046 1879 1092 1920 su-

46 1965 72 2006 ro
81 1952 184 2029 perior
208 1965 277 2027 pars
296 1951 325 2008 in
356 1949 531 2028 prirnoribus
556 1949 600 2010 his
627 1958 759 2010 mouetur
784 1949 924 2009 interiore
942 1944 1090 2010 inmobili.

81 2035 235 2095 dexterum
251 2033 418 2093 bracchium
430 2034 561 2093 omnibns
576 2035 675 2094 maius.
704 2032 840 2092 Universi
853 2031 1007 2110 aliquando
1023 2047 1091 2092 nou·
1101 2038 1135 2093 98

80 2127 251 2197 gregantur.
288 2135 320 2176 os
335 2117 418 2178 Ponti
435 2121 571 2178 evincere
582 2135 639 2177 non
650 2117 758 2190 valent,
778 2115 965 2192 quamobrem
978 2114 1092 2191 egressi

82 2202 459 2281 circumeuntarlparetque
475 2203 569 2262 tritum
585 2203 650 2260 iter.
673 2199 844 2260 Pinotheras
862 2207 958 2258 autem
971 2205 1092 2256 vocatur

81 2289 223 2348 minumus
240 2303 277 2346 ex
293 2287 367 2346 omni
379 2303 500 2364 genere,
517 2286 583 2346 ideo
597 2293 778 2363 opportunos
789 2282 919 2341 iniuriae.
954 2271 1020 2340 huic
1032 2280 1091 2338 sol·

46 2373 169 2432 nolentia
195 2380 239 2430 est
254 2373 375 2430 inanium
392 2380 558 2430 ostrearum
572 2370 656 2431 testis
676 2385 709 2428 se
732 2367 860 2427 condere
881 2373 927 2440 et,
953 2381 1019 2424 cunr
1044 2362 1091 2422 atl-

83 2457 223 2531 oreverit‚
240 2456 364 2532 migrare
377 2455 405 2514 in
421 2455 602 2532 capaciores.
639 2451 743 2513 Cancri
754 2453 783 2512 in
796 2467 906 2530 pauore
923 2458 953 2508 et
967 2448 1089 2508 retrorsi
1100 2456 1136 2510 99
1191 2525 1194 2538 y

83 2540 148 2620 pari
163 2538 324 2598 velocitate
337 2539 469 2602 redeunt.
503 2540 636 2599 dimicant
652 2539 727 2598 inter
741 2555 775 2596 se
792 2545 823 2594 ut
834 2535 942 2595 arietes
959 2533 1092 2593 adversis

83 2622 222 2684 cornibus
252 2627 443 2684 incursantes.
493 2633 594 2684 contra
624 2623 800 2701 serpentium
827 2622 901 2687 ictus
931 2617 1091 2686 medentur.

83 2709 149 2768 sole
178 2710 275 2768 cancri
300 2707 411 2785 signnm
434 2717 599 2768 transeunte
619 2717 648 2767 et
673 2709 818 2785 ipsorum,
853 2721 917 2764 cum
940 2703 1092 2762 exanimati

48 2805 72 2848 so
83 2801 160 2868 sunt,
175 2808 282 2871 corpus
294 2793 493 2870 transfigurari
505 2794 533 2851 in
545 2792 718 2871 scorpiones
730 2798 861 2850 narratur
872 2789 901 2849 in
913 2787 1005 2847 sicco.
1031 2783 1135 2845 Exibit

83 2876 189 2937 eodem
212 2895 323 2954 genere
345 2886 409 2935 sunt
432 2875 526 2935 echini
548 2875 652 2954 quibus
676 2869 777 2952 ssinae
799 2890 854 2951 pro
881 2869 1015 2951 pedibus.
1050 2869 1090 2926 iu·

81 2961 168 3039 gredi
184 2969 229 3019 est
244 2960 290 3020 his
307 2962 335 3018 in
351 2961 452 3020 orbem
469 2960 559 3034 volvi,
576 2959 672 3036 itaque
688 2958 799 3018 detritis
815 2975 907 3036 saepe
923 2953 1034 3014 aculeis
1050 2951 1091 3010 in·

80 3047 245 3104 veniuntur.
278 3062 316 3103 ex
331 3043 375 3103 his
398 3043 616 3111 echinometrae
634 3041 819 3120 appellantur
839 3055 960 3119 quornm
983 3035 1091 3111 longis·

81 3131 174 3190 simae
190 3130 302 3207 spinae,
320 3129 438 3204 calyces
454 3128 576 3188 minumi.
608 3145 664 3186 nec
685 3124 817 3186 omnihus
829 3123 905 3184 idern
918 3121 1026 3197 vitreus
1042 3135 1091 3177 co·
1169 3156 1170 3159 κ

47 3215 139 3274 antor.
172 3214 250 3273 circa
266 3212 403 3272 Toronen
418 3211 530 3272 candidi
553 3219 709 3272 nascuntur
728 3211 810 3288 spina
825 3225 924 3287 parva.
956 3221 1011 3262 oua
1031 3219 1090 3262 om·

80 3299 160 3359 nium
178 3315 284 3373 amara,
303 3299 388 3375 quina
404 3313 533 3356 numero.
572 3313 623 3354 ora
644 3295 673 3355 in
687 3295 782 3356 medio
800 3309 925 3371 corpore
942 3290 970 3348 in
985 3295 1123 3356 terram„
1168 3327 1171 3367 5

80 3389 210 3442 vertunt.
239 3380 354 3442 tradunt
380 3383 537 3441 saevitiam*
552 3380 638 3439 maris
660 3378 830 3458 praesagire
853 3388 906 3435 eos
928 3372 1092 3451 conceptis·
1119 3426 1123 3434 ,
1163 3405 1171 3460 ,³

82 3483 141 3546 qne
158 3467 288 3570 opperiri
304 3463 413 3543 lapillis
430 3463 619 3525 mobilitatem
634 3463 765 3567 puniero
782 3460 973 3522 stabilientes.
988 3456 1090 3520 nnlnnt
1130 3523 1132 3528 ,
1160 3497 1164 3514 .
