2482 3910
168 203 227 264 tto
287 246 292 264 .
524 213 553 264 c.
577 215 672 262 emur
695 213 843 262 sncunnr

124 379 176 434 188
245 368 295 428 61.
313 367 397 448 (81.)
419 367 578 430 Volucrum
594 343 697 428 animal
713 369 786 446 parit
801 369 972 447 vespertilio
992 377 1107 442 matum,
1123 373 1164 430 cui

166 460 195 513 et
210 452 447 514 membranaceae
463 455 566 531 pinuae
585 455 642 512 uni.
670 453 772 512 eadem
784 452 846 512 sola
862 446 1012 512 volucrum
1026 452 1102 513 lacte
1118 473 1163 512 nu-

165 538 215 596 trit
230 537 322 598 ubera
337 537 503 598 admovens.
532 555 638 616 parens
662 538 792 613 geminos
810 536 911 597 volitat
926 537 1059 615 amplexa
1077 537 1163 596 iuiarr

167 621 203 680 tis
227 639 385 701 secumque
402 630 507 699 portat.
539 621 634 682 eidem
649 621 794 681 coxendix
808 636 863 680 una
885 621 1016 695 traditur,
1035 630 1064 679 et
1083 622 1110 678 in
1127 623 1162 680 ci·
1231 625 1232 630 ’

167 705 235 764 batu
250 705 362 766 culices
378 705 543 781 gratisdmi.
1176 723 1187 762 a

124 791 175 854 1'69
247 789 297 850 62.
317 788 400 867 (82.)
420 788 530 848 Rursus
545 790 574 849 in
587 790 773 849 terrestribus
794 806 849 849 ora
872 789 985 866 pariunt
1000 798 1162 866 serpentes,

167 874 204 933 de
225 872 329 952 quibus
350 873 474 932 noudum
495 872 601 932 dictum
624 882 678 932 est.
708 883 813 933 coeunt
834 872 990 950 conplexu,
1015 872 1092 931 adeo
1113 873 1163 931 cir·

167 957 349 1018 convolutae
374 955 429 1016 sibi
453 958 535 1033 ipsae
556 966 586 1016 ut
606 975 660 1017 uua
682 957 848 1016 existumarl
864 956 966 1034 biceps
987 955 1091 1034 possit.
1127 955 1163 1014 vi·

166 1057 256 1120 perae
274 1057 335 1101 ruas
358 1049 446 1117 caput
465 1041 565 1101 inserit
585 1043 613 1100 in
633 1058 683 1114 os,
707 1041 784 1119 quod
806 1041 856 1100 illb
877 1039 989 1099 abrodit
1009 1039 1164 1118 voluptatis

125 1132 176 1186 tio
184 1123 346 1184 dulcedine.
378 1122 568 1184 Terrestrium
585 1125 686 1186 eadem
709 1125 772 1184 sola
789 1125 861 1184 iutra
877 1142 910 1184 sc
926 1125 1000 1202 parit
1015 1139 1071 1182 ova
1087 1125 1193 1186 uniuso

168 1207 278 1267 coloris
300 1217 329 1268 et
348 1204 447 1268 mollia
467 1217 497 1268 ut
518 1210 625 1288 pisces.
657 1210 741 1268 tertia
763 1208 809 1267 die
834 1210 907 1266 intra
929 1217 1038 1266 uterum
1054 1208 1164 1266 catulos

168 1291 311 1368 excludit,
341 1292 406 1352 dein
433 1293 553 1370 singulis
578 1292 679 1352 diebus
701 1292 831 1368 singulos
853 1291 943 1368 parit,
973 1291 1074 1367 viginti
1102 1291 1164 1350 iere

167 1393 296 1436 numero.
330 1378 428 1456 itaque
447 1386 563 1436 ceterae
575 1376 714 1436 tarditatis
730 1377 903 1453 inpatientes
923 1383 1110 1452 perrumpunt
1126 1375 1163 1433 la·

167 1471 230 1521 tera
246 1461 344 1520 occisa
357 1471 488 1538 parente.
519 1458 643 1520 Ceterae
659 1469 814 1536 serpentes
830 1466 966 1518 contenta
977 1476 1032 1517 ova
1049 1459 1164 1517 interra

166 1544 318 1618 incubant,
341 1554 369 1603 et
386 1545 476 1604 letum
492 1553 633 1621 sequente
650 1543 803 1603 excludunt
817 1560 901 1602 auno.
938 1541 1081 1602 crocodili
1096 1543 1163 1601 vici·
1174 1563 1194 1602 u

167 1626 221 1686 bus
240 1627 391 1698 incubant,
416 1646 476 1686 mas
494 1635 523 1686 et
545 1627 659 1686 lentina.
694 1627 752 1686 Sed
777 1628 953 1707 reliquorum
975 1643 1093 1704 quoque
1111 1635 1165 1684 ter·

166 1712 301 1778 restrium
316 1709 451 1770 reddatur
468 1713 629 1786 generatio.

126 1800 174 1855 lit
248 1792 297 1852 63.
314 1792 399 1869 (83.)
422 1793 562 1869 Bipedum
583 1794 664 1853 aolus
683 1794 768 1853 bomo
792 1793 893 1854 animal
916 1795 1016 1869 gignit.
1062 1792 1166 1852 bomini

167 1885 274 1935 tautum
288 1877 370 1953 primi
386 1879 478 1934 coitus
493 1878 678 1953 paenitentia,
695 1880 841 1954 augurium
853 1877 967 1937 scilicet
978 1879 1054 1936 vitae
1071 1893 1165 1954 apae·

167 1959 282 2018 niteuda
304 1961 426 2036 origine.
462 1962 569 2020 ceteris
593 1960 759 2020 animalibus
784 1962 849 2020 stati
866 1979 920 2038 per
944 1970 1076 2039 tempora
1103 1959 1195 2020 anniae

124 2063 171 2104 aas
178 2042 357 2118 concubitus,
373 2043 490 2118 bomini,
505 2054 536 2104 ut
551 2045 655 2104 dictum
668 2053 723 2119 est,
736 2045 865 2104 omnibus
881 2044 961 2104 boris
976 2044 1087 2104 dierum
1099 2060 1165 2102 uoc-

125 2128 316 2206 statiuaque.
349 2131 456 2188 ceteris
477 2130 565 2188 satias
583 2131 611 2188 in
628 2131 715 2202 coitu,
734 2128 838 2187 bomini
861 2145 954 2206 prope
971 2127 1058 2187 nulla.
1091 2125 1165 2186 bles·

121 2259 124 2272 .
168 2212 257 2272 salina
265 2211 366 2274 Claudi
374 2211 509 2274 Caesaris
518 2213 777 2290 coniunxregalem
789 2214 962 2272 existumans
971 2210 1096 2289 palmam
1108 2209 1166 2269 ele·

166 2297 208 2373 git
224 2299 251 2354 in
267 2297 294 2357 id
310 2307 454 2358 certamen
470 2297 675 2358 nobilissimam
695 2317 710 2356 e
724 2297 883 2374 prostitutis
906 2295 1039 2354 ancillam
1055 2311 1166 2353 meree-

166 2381 263 2439 nariae
285 2383 385 2458 stipis,
409 2399 529 2459 eamque
552 2391 638 2440 nocte
665 2399 700 2440 ac
720 2381 766 2440 die
789 2381 937 2457 superavit
961 2380 1059 2456 quinto
1080 2387 1197 2455 atquae

167 2463 306 2522 vicesimo
322 2465 487 2523 concubitu,
516 2464 546 2522 ln
563 2464 706 2524 bominum
721 2481 831 2540 genere
847 2461 972 2522 maribus
987 2461 1168 2522 deverticula

168 2547 284 2604 veneris
300 2547 481 2622 excogitata,
498 2549 591 2606 omnia
615 2547 731 2606 scelere
749 2555 884 2626 naturae,
902 2545 1014 2606 feminis
1033 2562 1106 2604 vero
1120 2544 1168 2604 ab·

168 2634 257 2684 ortus.
286 2638 420 2705 quantum
442 2630 470 2688 in
491 2629 546 2690 bac
561 2640 643 2708 parte
666 2630 753 2691 multo
776 2630 962 2690 nocentiores
986 2647 1070 2707 quam
1087 2629 1168 2690 ferae

167 2710 276 2768 sumus!
312 2711 398 2770 Viros
420 2714 564 2774 avidiores
579 2715 700 2773 ¹veneris
716 2715 828 2786 hieme,
843 2713 965 2774 leminea
981 2721 1096 2772 aestate
1109 2711 1167 2790 ¹lle·

126 2793 281 2858 rtesiodus
297 2794 432 2872 prodidit.
462 2794 562 2856 Goitus
574 2799 685 2856 aversis
701 2798 873 2875 elephantis,
886 2797 1016 2870 camelis,
1033 2795 1168 2872 tigribus,
1178 2815 1200 2856 ro

140 2905 142 2910 v
167 2876 309 2953 lyncibus,
324 2878 607 2956 rhinocerotileoni,
625 2881 775 2958 dasypodi,
785 2880 934 2955 cuniculis,
947 2878 1052 2959 quibus
1064 2896 1170 2938 aversa

165 2961 313 3038 genitalia.
345 2965 449 3023 cameli
467 2966 551 3025 etiam
566 2965 737 3026 solitudines
755 2973 802 3024 aut
826 2973 942 3024 secreta
959 2972 1040 3022 certe
1056 2971 1169 3040 petunt,

166 3063 261 3124 neque
287 3047 462 3107 intervenire
483 3048 568 3110 datur
594 3051 655 3108 sine
678 3049 818 3126 pernicie.
851 3048 946 3107 coitus
967 3055 1028 3106 tota
1049 3046 1116 3122 die,
1143 3053 1170 3105 ct

165 3129 209 3189 his
225 3137 333 3190 tautum
347 3149 385 3190 ex
400 3131 531 3192 omnibus
547 3131 652 3210 quibus
663 3132 756 3192 solida
771 3131 885 3210 ungula.
917 3133 945 3190 in
960 3130 1170 3208 quadripedum

167 3229 277 3288 genere
292 3215 379 3274 maris
392 3214 518 3275 ollactus
531 3217 674 3278 accendit¹
703 3224 869 3276 avertuntur
885 3223 914 3276 et
929 3231 1028 3288 canes,
1041 3213 1170 3291 phocae,
1180 3233 1202 3272 su

118 3295 257 3374 ,1talupt,
279 3299 307 3356 in
325 3297 479 3377 medioque
502 3299 579 3358 coitu
599 3299 737 3378 invitique
759 3301 843 3358 ctiam
872 3297 1040 3360 cobserent.
1073 3297 1171 3374 Supra

167 3379 307 3440 dictorum
322 3382 492 3461 plerumque
509 3381 631 3444 feminae
643 3385 757 3460 priores
773 3384 990 3461 superveniunt,
1007 3384 1037 3443 in
1047 3381 1173 3459 reliquis

12 3455 17 3470 “
124 3477 295 3522 enumeres.
325 3467 383 3526 ursi
399 3475 504 3542 antem,
523 3475 552 3526 ut
568 3467 740 3542 dictumest,
755 3466 914 3528 humanitus
930 3467 1023 3540 strati,
1039 3463 1173 3524 irenacei
1194 3521 1201 3532 ,
