2444 3908
148 205 206 268 106
497 217 524 264 o.
549 217 646 264 eumn
666 216 816 264 sncunnr

147 376 263 436 charum
278 371 455 432 examinibus
473 370 601 447 singulas
623 370 816 447 magnitudine
833 378 861 430 et
877 379 1022 430 vetustate
1038 370 1156 448 praeci·

147 477 218 538 puas
234 475 301 517 esse
317 457 407 517 veluti
422 456 513 516 duces
526 456 615 514 mirae
631 453 667 514 ad
679 455 837 514 cavendnm
853 454 1012 514 sollertiae.
1030 455 1156 515 has-uri·

146 544 270 604 nantium
294 560 361 602 cura
383 541 459 619 peti,
484 538 542 598 illis
559 539 651 617 captis
668 538 756 598 facile
773 539 1024 617 ceteraspalantis
1035 539 1155 600 retibus

146 627 261 687 includi.
289 626 378 685 multo
406 623 510 684 deinde
544 621 647 682 obruta
671 621 733 682 eale
762 623 790 680 iu
821 624 898 682 vasis
926 621 1063 684 fictilibus
1086 639 1156 684 rosa

146 729 232 772 earne
251 711 326 769 omni
341 708 464 768 nucleos
480 706 620 784 quosdam
638 723 804 784 corporum,
821 708 878 766 hoc
893 716 939 766 est
956 709 1092 784 uniones,
1106 709 1180 768 des

102 797 387 956 liifflwlbbllnlls'n
404 876 488 934 atteri
504 893 561 934 uon
577 874 692 934 dubium
708 883 770 950 esi,
788 875 978 955 (⁵⁰¹⁰f“³¹¹¹‘l¹le
1001 843 1155 952 indiligffl'

145 966 184 1024 tia
200 971 321 1021 mutare.
348 959 402 1020 dos
419 960 509 1018 omnis
523 961 551 1019 in
567 960 705 1034 candore,
719 960 926 1036 magnitudine,
939 958 1022 1034 orbe,
1037 959 1154 1038 levore,

144 1045 287 1124 pondere,
299 1044 372 1104 haut
381 1045 522 1122 promptis
529 1043 618 1103 rebus
632 1045 659 1102 in
669 1053 776 1104 tantum
785 1053 815 1102 ut
824 1043 893 1103 nulli
902 1044 958 1103 duo
969 1044 1155 1123 reperiantur

143 1129 303 1204 indiscreti,
322 1128 396 1188 unde
416 1145 520 1187 nomen
543 1129 677 1188 unionum
693 1128 840 1188 Romanae
863 1126 978 1188 scilieet
992 1131 1184 1208 imposueram

144 1212 278 1274 deliciae.
311 1231 375 1290 uam
398 1213 425 1271 id
447 1213 522 1292 apud
544 1211 674 1272 Graecos
696 1229 753 1272 non
775 1221 834 1288 est,
858 1232 894 1272 ne
916 1213 991 1292 apud
1009 1213 1155 1274 barbaros

102 1307 152 1362 113
160 1297 274 1376 quidem
290 1299 456 1357 inventores
473 1299 535 1358 eius
557 1297 634 1358 aliud
656 1315 740 1374 qnam
758 1298 941 1374 margaritae.
974 1295 1012 1356 Et
1033 1298 1062 1356 in
1086 1317 1153 1358 oau-

143 1384 215 1443 dore
232 1384 297 1460 ipso
313 1400 415 1458 magua
432 1382 603 1442 differentia.
643 1381 749 1440 clarior
765 1382 793 1441 iu
810 1379 910 1440 Rubro
926 1381 998 1440 mari
1012 1384 1152 1460 repertis,

142 1467 258 1527 indicos
280 1467 476 1545 specularium
497 1465 624 1544 lapidum
646 1483 763 1544 squama
787 1465 939 1526 adsimulat
955 1465 1026 1525 alias
1043 1467 1151 1542 magni·

143 1552 239 1610 tudine
263 1551 480 1628 praecellentis.
513 1567 620 1610 summa
648 1550 710 1609 lans
731 1549 840 1609 eoloris
868 1558 914 1608 est
942 1549 1184 1610 exaluminatosns

145 1635 255 1692 vocari.
288 1643 317 1692 et
332 1631 552 1712 procerioribus
572 1649 623 1692 sna
646 1634 739 1710 gratia
756 1642 809 1692 est.
835 1633 975 1694 elenchos
1001 1633 1152 1714 appeliant

143 1715 278 1792 fastigata
295 1717 473 1792 longitudine
490 1716 700 1776 alabastrorum
718 1718 809 1794 ligura
825 1719 861 1794 in,
871 1717 1032 1797 pleniorem
1049 1717 1151 1778 orbem

102 1807 156 1862 lli
162 1801 329 1858 desinentis.
347 1799 407 1860 llos
420 1800 517 1875 digitis
530 1801 710 1878 suspendere
722 1811 752 1860 et
768 1800 852 1861 binos
868 1820 903 1861 ac
920 1811 1019 1861 ternos
1033 1797 1150 1862 aurbus

145 1883 312 1943 feminarum
326 1885 422 1960 gloria
437 1893 490 1942 est.
518 1883 642 1944 subeunt
657 1885 787 1946 luxuriae
804 1887 866 1945 eius
879 1887 992 1946 nomina
1007 1895 1036 1944 et
1056 1888 1150 1948 taedia

145 1969 288 2046 exquisita
307 1969 421 2046 perdito
437 1978 592 2046 nepotatu,
609 1969 834 2048 siquidem,eum
850 1970 878 2030 id
895 1970 1008 2045 fecere,
1027 1971 1149 2034 crotalia
1159 1991 1183 2032 ao

145 2052 310 2132 appellant,
340 2071 393 2112 cen
412 2069 484 2111 sono
502 2070 619 2132 qnoque
639 2053 783 2130 gaudeant
805 2063 833 2112 et
856 2055 967 2114 conlisu
988 2055 1054 2133 ipso
1078 2073 1150 2116 mar·

144 2139 309 2213 garbarum.
339 2147 519 2217 carpuntque
535 2139 636 2197 iamet
653 2156 799 2216 pauperes
826 2138 960 2198 lictorem
980 2137 1107 2198 feminae
1125 2141 1152 2198 in

145 2221 262 2300 publico
280 2223 413 2282 unionem
432 2241 499 2282 esse
522 2220 695 2282 dictitantes.
726 2223 793 2300 quin
811 2222 994 2300 etpedibus,
1015 2241 1071 2281 nec
1086 2241 1150 2283 cre·

145 2306 274 2383 pidarnm
297 2315 404 2368 tantum
429 2306 607 2384 obstragnlis
633 2307 686 2366 sed
707 2307 775 2366 totis
804 2306 931 2366 socculis
953 2306 1068 2366 addunt.
1100 2325 1149 2368 ne·

145 2409 201 2467 qne
219 2393 294 2450 enirn
316 2401 436 2468 gestare
452 2393 508 2450 iarn
529 2393 715 2467 margaritas,
739 2391 793 2448 nisi
811 2389 925 2450 calcent
946 2408 981 2450 ac
998 2409 1052 2468 per
1069 2392 1182 2451 unio-ao

102 2483 212 2534 lienes
229 2477 313 2533 etiam
328 2475 486 2548 ambulent,
503 2476 572 2533 satis
591 2484 645 2532 est.
675 2473 822 2533 innostro
842 2475 912 2534 mari
928 2475 1053 2552 reperiri
1070 2475 1149 2534 sole-

145 2555 228 2630 bant,
254 2557 386 2617 crebrius
408 2559 486 2616 eirea
506 2557 667 2634 Bosporum
696 2557 864 2633 Thracium,
887 2559 939 2619 rnii
963 2576 998 2617 ac
1019 2560 1102 2637 parvi
1123 2559 1150 2618 iu

146 2639 264 2698 conchis
283 2658 354 2717 quas
375 2657 456 2714 myas
480 2639 637 2722 appellant.
666 2650 694 2701 at
715 2643 744 2700 in
759 2640 921 2703 Acarnania
936 2660 1010 2720 qnae
1027 2651 1150 2702 vocatur

146 2724 210 2800 pina
227 2724 328 2800 gignit,
343 2741 399 2801 qno
416 2725 537 2804 adparet
553 2741 610 2784 non
626 2743 681 2784 uno
695 2725 824 2786 conchae
839 2745 949 2803 genere
960 2727 1048 2786 nasci.
1072 2744 1149 2786 nam-

145 2825 203 2886 qne
219 2816 248 2866 et
263 2805 332 2866 Iuba
349 2807 434 2868 tradit
450 2807 584 2871 Arabicis
603 2809 743 2870 concham
762 2829 829 2870 esse
844 2810 966 2870 similem
983 2812 1092 2888 pectini
1109 2812 1182 2870 into

146 2901 246 2965 secto,
273 2891 410 2950 hirsutam
431 2891 597 2952 echinorum
616 2893 720 2968 modo,
750 2895 843 2971 ipsum
863 2895 996 2954 unionem
1017 2895 1150 2955 incarne

144 2977 275 3054 grandini
292 2975 423 3036 similem.
462 2977 591 3038 conchae
607 2995 664 3037 uon
679 2977 753 3037 tales
768 2977 804 3037 ad
824 2995 877 3038 nos
893 2979 1070 3038 adferuntur.
1094 2997 1151 3040 nec

144 3062 171 3120 iu
187 3061 349 3121 Acarnania
365 3069 459 3120 antem
478 3061 584 3140 laudati
604 3062 804 3140 reperiuntur,
828 3079 961 3122 enormes
979 3072 1008 3123 et
1024 3063 1082 3123 ieri
1101 3081 1150 3124 co·

101 3181 104 3187 -
143 3145 272 3222 lorisque
292 3145 455 3204 marmorei.
484 3145 622 3206 meliores
638 3148 717 3206 circa
735 3145 866 3222 Actium,
891 3146 987 3206 sedet
1010 3137 1038 3207 lri
1056 3149 1149 3228 parri,

144 3232 217 3288 etin
240 3227 436 3289 Mauretaniae
460 3231 616 3290 maritimis.
650 3229 818 3291 Alexander
841 3229 1004 3308 polyhistor
1020 3239 1048 3292 et
1065 3231 1184 3294 Sodi-ta

144 3331 195 3371 nes
213 3332 372 3374 senescere
391 3331 442 3372 eos
460 3323 559 3392 putant
578 3313 765 3391 coloremque
783 3315 944 3394 exspirare.

103 3403 154 3458 116
223 3398 306 3478 (57.)
330 3397 438 3458 Eorum
458 3415 565 3477 corpus
581 3399 703 3459 solidum
718 3417 785 3458 esse
800 3399 983 3480 manifestum
999 3409 1055 3476 est,
1070 3399 1150 3480 qnod

144 3477 222 3538 nullo
245 3481 328 3559 lapsu
350 3482 526 3560 franguntur.
567 3499 624 3544 non
651 3490 744 3544 autem
761 3501 879 3562 semper
895 3485 923 3543 in
944 3484 1038 3546 media
1062 3502 1150 3546 carue
1213 3503 1215 3506 ·
