2444 3908
259 231 340 278 nnn.
357 231 448 279 cusu.
464 233 553 280 vnn.
573 229 692 284 rat—ts.
710 219 858 305 (aa-41.)
1022 221 1064 289 on

59 393 92 445 nt
107 385 137 445 in
153 385 296 464 excipulis
311 387 374 445 eins
392 387 514 448 dominis
538 386 575 446 oh
590 387 647 448 hoc
661 389 753 467 ipsum
773 389 920 452 fabricatis
936 392 1063 471 singulo·

59 485 123 530 rum
139 470 245 529 milium
263 471 444 549 reperiantur
458 468 548 548 globi.

126 553 176 615 23.
202 555 285 636 (39.)
309 553 428 615 Murena
451 572 632 634 quocumque
653 574 753 616 mense
774 559 865 635 parit,
884 575 947 618 curn
970 562 1107 630 cetariis

58 641 162 718 pisces
177 647 254 697 stato
268 640 389 717 pariant.
421 656 475 698 ova
489 641 550 698 eins
568 640 706 699 citissime
723 650 866 701 crescunt.
890 644 917 702 in
934 644 1014 703 sicco
1030 645 1063 706 li·
1158 658 1163 668 ’

33 733 127 785 store
144 722 243 801 lapsas
258 723 364 800 volgus
386 723 464 782 coitu
486 725 661 802 serpentium
677 725 782 803 inpleri
799 735 887 804 putat.
920 725 1063 788 Aristote-

1 883 2 888 ἵ
19 807 32 861 .“
58 809 106 868 les
119 823 247 883 zmyrum
260 816 349 867 vocat
364 824 471 867 marem
494 809 543 885 qui
558 817 688 884 generat.
714 809 867 870 discrimen
890 820 969 886 esse,
985 812 1064 890 qnod

55 908 180 952 murena
198 892 276 951 varia
293 900 323 950 et
336 892 446 952 inlirma
461 893 508 967 sit,
524 909 637 966 zmyrus
648 893 782 953 unicolor
800 904 829 954 et
846 894 980 955 robustus
995 897 1063 956 den·

56 977 157 1055 risque
176 984 259 1036 extra
275 993 308 1035 os
324 975 438 1036 habeat.
467 975 499 1034 lu
515 975 606 1036 Gallia
622 977 843 1054 septentrionali
863 981 988 1039 murenis
1004 998 1063 1039 om·

57 1059 145 1120 nibus
162 1060 283 1119 dextera
298 1061 326 1119 in
337 1060 453 1120 maxilla
468 1069 608 1138 septenae
620 1061 750 1122 maculae
765 1063 801 1122 ad
813 1062 933 1124 formam
948 1073 1063 1144 septen·

23 1145 161 1206 nitrionis
180 1161 269 1203 aureo
285 1144 387 1203 colore
402 1144 525 1220 fulgent,
543 1143 687 1204 dumtaxat
702 1145 882 1223 viventibus,
898 1149 1064 1227 pariterque

57 1247 125 1290 cum
142 1229 234 1287 anima
257 1229 465 1306 exstinguntur.
497 1227 608 1287 Invenit
628 1229 657 1287 in
677 1229 735 1288 lucc
756 1231 868 1290 animali
889 1231 1061 1292 documenta
1073 1240 1106 1297 77
1150 1246 1152 1252 '

57 1313 201 1373 saevitiae
222 1311 332 1374 Vedius
353 1313 447 1374 Pollio
471 1309 562 1390 eques
585 1311 731 1371 Romanus
755 1331 792 1372 ex
814 1316 912 1374 amicis
932 1316 989 1376 divi
1005 1315 1063 1374 Au-

55 1398 137 1474 gusti
160 1397 277 1457 vivarrls
301 1414 398 1456 earum
415 1398 581 1472 inmergens
596 1395 727 1456 damnata
741 1399 898 1476 mancipia,
922 1415 979 1458 non
994 1408 1063 1458 tana·

57 1499 146 1560 qnam
167 1479 203 1540 ad
224 1480 281 1540 hoc
305 1481 375 1540 ieris
400 1489 538 1540 terrarum
561 1497 619 1540 non
640 1480 865 1558 sufficientibus,
887 1483 939 1543 sed
954 1483 1020 1562 qnia
1037 1485 1065 1541 in

23 1579 46 1621 m
57 1567 118 1626 alio
137 1582 248 1641 genere
266 1573 355 1625 totum
371 1566 481 1642 pariter
497 1565 640 1624 hominem
655 1563 774 1625 distrahi
790 1575 927 1644 spectare
939 1583 996 1626 non
1012 1583 1064 1644 po·
1180 1561 1187 1571 ’

56 1658 144 1712 terat.
178 1649 274 1708 lerunt
299 1649 375 1709 aceti
399 1656 484 1725 ςιιιῑιι
504 1651 662 1728 praecipue
685 1668 735 1709 eas
758 1651 786 1709 iu
802 1649 912 1712 rabiem
928 1653 985 1727 agi.
1009 1649 1064 1711 'le-

56 1735 225 1793 nuissimnm
242 1731 287 1792 his
302 1743 414 1810 tergus,
431 1742 530 1793 contra
547 1734 681 1810 anguillis
697 1736 834 1810 crassius,
852 1753 947 1815 eoque
959 1734 1064 1794 verbe·

55 1820 115 1877 rari
133 1817 236 1877 solitos
253 1818 339 1878 tradit
352 1817 472 1877 Verrius
494 1826 709 1896 praetextatos,
734 1825 764 1878 et
780 1818 818 1878 ob
840 1819 868 1878 id
889 1819 1004 1880 multam
1020 1819 1070 1886 his,

55 1902 114 1962 dici
132 1919 190 1960 non
204 1903 368 1962 institutam.

23 1997 46 2036 2⁰
122 1985 173 2046 24.
194 1986 278 2068 (40.)
301 1985 453 2046 Planorum
471 1987 593 2065 piscium
609 1988 730 2048 alterum
746 1996 790 2046 est
807 2004 899 2065 genus
918 1986 996 2066 quod
1009 2004 1062 2066 pro
1073 1991 1109 2050 te

55 2071 141 2149 spina
159 2071 357 2148 cartilaginem
366 2070 465 2146 hahet,
482 2079 512 2131 ut
527 2073 616 2146 raiae,
633 2071 811 2150 pastinacae,
829 2072 989 2149 squatinae,
1006 2080 1064 2130 tor·

44 2154 146 2233 pedo,
166 2163 194 2213 et
210 2173 283 2233 qnos
301 2155 395 2231 bovis,
410 2154 524 2229 lamiae,
541 2156 667 2232 aquilae,
681 2171 767 2214 ranae
782 2153 944 2213 nominibus
960 2153 1064 2213 Graeci

56 2238 218 2318 appellant.
252 2255 309 2317 quo
331 2240 493 2298 innumero
510 2248 574 2297 suut
589 2237 682 2316 squali
699 2255 831 2315 quoqne,
858 2238 988 2314 quamvis
1005 2249 1063 2296 non
1105 2303 1107 2308 ,

55 2319 148 2402 plani.
179 2324 252 2383 haee
272 2322 385 2383 Graece
406 2325 434 2382 in
449 2324 612 2381 universum
630 2317 750 2399 σελάχη
774 2319 935 2400 appellavit
951 2319 1063 2378 Aristo·

23 2407 136 2468 asteles
153 2407 276 2485 primus,
299 2407 357 2468 hcc
371 2408 486 2467 nomine
508 2407 551 2465 eis
566 2407 704 2484 inposito.
735 2422 789 2463 nos
811 2404 990 2481 distinguere
1005 2419 1064 2464 non

55 2509 213 2571 possumus
228 2493 283 2551 uisi
300 2493 325 2551 si
346 2491 533 2568 cartilaginea
551 2491 702 2569 appellare
724 2488 823 2549 libeat.
855 2489 949 2549 omnia
970 2496 1064 2548 autem

57 2577 211 2636 carnivora
226 2584 291 2635 sunt
305 2577 384 2651 talia,
401 2585 430 2636 et
446 2576 547 2654 supina
562 2584 729 2650 vescuntur,
748 2583 779 2634 ut
793 2575 821 2632 in
833 2572 978 2652 delphinis
991 2571 1064 2632 dixi·

55 2677 137 2736 mus,
168 2669 198 2719 et
220 2678 283 2721 cum
311 2661 403 2720 ceteri
425 2661 523 2738 pisces
550 2678 605 2720 ova
627 2661 753 2738 pariant,
775 2659 833 2718 hoc
853 2675 946 2736 genus
971 2657 1065 2716 solnm

55 2754 86 2804 ut
104 2761 232 2826 eaquae
255 2753 320 2805 oete
337 2745 486 2825 appellant
501 2745 603 2805 animal
625 2745 701 2823 parit
720 2751 844 2821 excepta
864 2759 948 2822 quam
967 2757 1065 2801 ranam

22 2837 174 2888 reuocant.

5 2898 8 2907 ¹
121 2911 172 2972 25.
197 2912 280 2992 (41.)
303 2911 356 2972 Est
379 2929 486 2991 parvos
512 2910 662 2972 admodum
687 2912 777 2988 piscis
804 2909 940 2969 adsuetus
968 2908 1060 2986 petris
1071 2912 1106 2969 79

56 2996 199 3056 echeneis
214 2996 389 3075 appellatus.
406 2997 463 3056 hoc
481 2997 587 3056 carinis
603 2994 885 3054 adhaerentenaves
900 2992 1008 3053 tardius
1019 2992 1063 3049 ire

32 3080 214 3140 'ereduntur
235 3081 302 3141 inde
324 3083 439 3141 nomine
460 3081 604 3159 inposito,
623 3094 706 3158 quam
729 3078 766 3138 oh
783 3095 898 3138 cansam
918 3073 1063 3136 amatoriis

54 3181 175 3244 quoque
197 3167 347 3225 veneficiis
370 3165 481 3226 infamis
504 3174 550 3223 est
572 3172 601 3223 et
622 3161 793 3222 iudiciorum
815 3180 849 3223 ac
865 3161 955 3221 litium
970 3174 1063 3241 mora,

20 3264 133 3329 acquae
157 3250 273 3309 crimina
296 3269 350 3310 una
372 3250 457 3310 laude
479 3257 582 3328 pensat
603 3248 697 3308 fluxus
722 3246 905 3325 gravidarum
925 3252 1009 3303 utero
1025 3242 1062 3300 si·

54 3343 139 3393 steno
161 3342 319 3413 partusque
346 3336 496 3394 continens
520 3333 556 3392 ad
578 3334 773 3410 puerperium.
804 3333 832 3390 in
858 3327 940 3389 cibos
966 3336 1062 3387 tamen

53 3435 112 3478 non
136 3418 302 3478 admittitur.
333 3418 428 3478 Pedes
453 3435 517 3476 enm
537 3415 646 3476 habere
672 3416 853 3489 arbitrantur,
884 3410 1106 3474 Aristotelesto

53 3503 92 3563 ita
105 3503 202 3583 posita
222 3503 370 3581 pinnarum
386 3501 579 3561 similitudine.
612 3498 754 3560 llutianur
777 3499 914 3643 muriqepn
937 3513 1004 3556 esse
1021 3494 1061 3560 la·
