2462 3900
266 162 347 210 uso.
368 162 459 211 uren.
478 162 555 209 xrrr.
577 159 696 212 12—15.
717 149 869 229 (ao-to.)
1005 149 1065 209 245

74 388 76 391 ¹
131 316 178 376 14.
204 313 289 394 (28.)
316 314 474 394 Aethiopia
490 315 630 394 Aegypto
650 318 827 376 contermina
842 316 961 394 insignis
979 315 1062 378 arbo·
1074 325 1110 381 so

58 419 113 462 res
136 416 194 461 nou
214 399 278 460 iere
297 399 386 458 habet
405 408 524 477 praeter
539 397 687 475 linitores,
714 415 833 478 quarum
852 409 951 460 natura
967 401 996 458 in
1016 401 1065 461 de·
1154 464 1156 470 ,

60 485 225 562 scriptione
245 482 381 544 Indorum
404 493 490 561 atque
511 482 637 544 Arabiae
661 484 737 543 dicta
761 493 815 544 est.
849 485 971 562 propior
990 493 1031 544 ta·
1043 485 1106 572 ³⁸¹²·'u

58 587 131 630 meu
144 569 210 628 huic
224 576 324 628 natura
338 567 421 628 lanae
437 569 586 646 maiorque
603 567 751 628 folliculus
766 567 877 644 manati
891 567 976 628 modo
988 569 1065 645 mali,

31 671 47 712 e
62 653 235 730 similesque
256 660 285 711 et
302 653 376 711 inter
393 670 426 710 se
449 651 570 728 arbores
591 654 685 731 ipsae.
719 660 838 730 praeter
852 651 926 730 hano
940 651 1065 729 palmae,

59 737 160 816 qualis
170 735 328 796 retulimus.
342 735 499 796 Insularum
511 735 632 796 arbores
644 735 750 796 ambitu
758 735 933 814 Aethiopiae
945 743 974 794 et
984 753 1111 807 necem,

58 839 146 881 mora
163 821 282 881 odorata
297 821 326 878 in
340 821 485 880 mentione
502 839 600 880 earum
615 821 691 880 diota
706 829 778 879 sunt.
827 833 828 838 ’
871 888 873 894 Α
992 841 1059 883 arra
1069 851 1111 888 aa,

131 905 178 964 15.
204 903 287 982 (29.)
308 904 417 963 Atlans
434 922 516 964 mons
538 904 678 983 peculiari
695 898 834 983 proditur
844 905 933 980 silva,
956 903 992 962 de
1009 919 1064 979 qua
1076 911 1110 964 91

60 989 197 1050 diximus.
229 988 360 1048 confines
383 989 409 1048 ei
424 986 531 1064 Mauri,
554 988 657 1067 quibus
680 989 810 1068 pluruma
824 987 912 1048 arbor
928 987 992 1047 citri
1013 995 1042 1044 et
1054 1011 1076 1052 s,
1088 1007 1111 1044 m

1 1116 4 1127 .
20 1092 51 1134 ro
61 1090 228 1133 mensarum
246 1073 372 1148 insania,
396 1089 466 1150 quas
487 1073 610 1132 feminae
626 1073 696 1132 viris
712 1082 813 1132 contra
834 1070 1005 1148 margaritas
1022 1087 1068 1128 re·

61 1165 180 1234 gerunt.
207 1155 311 1216 Exstat
325 1156 411 1215 hodie
423 1154 461 1215 ll.
475 1154 628 1216 Ciceronis
639 1156 732 1232 inilla
747 1165 921 1234 paupertate
935 1164 974 1229 et,
988 1154 1066 1231 quod
1078 1162 1112 1218 ⁹2

60 1241 157 1318 magis
172 1241 273 1299 mirum
289 1248 350 1316 est,
362 1239 413 1299 illo
427 1257 500 1298 aevo
516 1249 612 1318 empta
628 1239 685 1300 tls.
701 1241 737 1298 ᾗ.
763 1247 938 1300 memoratur
951 1246 981 1296 et
995 1235 1070 1297 Galli

61 1325 148 1384 Asini
170 1322 229 1384 HS.
246 1325 306 1403 stip.
335 1325 524 1384 venumdatae
545 1332 653 1383 suntet
676 1324 750 1383 duae
766 1322 805 1382 ab
819 1322 889 1382 luba
911 1339 985 1400 rege
999 1337 1069 1397 pen·

62 1409 185 1483 dentes,
202 1426 322 1486 quarum
333 1409 417 1468 alteri
433 1409 556 1486 pretium
570 1406 693 1467 tutelis.
707 1407 804 1488 iffi,
820 1406 904 1466 alteri
915 1403 1008 1484 paulo
1021 1407 1070 1463 mi-

22 1515 52 1556 re
63 1511 130 1552 nus.
151 1492 257 1552 interiit
269 1510 361 1570 nuper
372 1493 505 1552 incendio
517 1510 534 1552 a
546 1489 686 1569 Cethegis
697 1491 881 1552 descendens
891 1489 949 1550 HS.
961 1489 1072 1569 [inl—11

63 1585 246 1655 permutata,
269 1575 399 1636 latifundi
415 1577 578 1650 taxatione,
602 1577 626 1634 si
647 1577 710 1654 quis
727 1577 847 1655 praedia
861 1575 931 1637 tanti
947 1575 1072 1636 mercari

62 1660 155 1720 malit.
184 1658 350 1736 Magnitudo
371 1659 553 1738 amplissimis
568 1660 661 1720 adhuc
680 1659 748 1720 luit:
774 1661 822 1720 uni
845 1659 1008 1720 conmissae
1029 1677 1067 1718 ex
1078 1666 1115 1722 93
1142 1704 1145 1723 .
1222 1708 1225 1713 -

64 1742 188 1804 orbibus
216 1743 367 1803 dimidiatis
401 1743 513 1803 duobus
542 1761 559 1803 a
585 1761 657 1820 rege
678 1742 875 1806 Mauretaniae
901 1742 1071 1804 Ptolemaeo

64 1835 203 1907 quattuor
217 1827 323 1905 pedum
340 1837 369 1888 et
385 1828 542 1906 semipedis
556 1846 610 1907 per
626 1827 750 1890 medium
766 1829 917 1902 ambitum,
936 1829 1072 1888 crassitu-

25 1938 54 1978 20
65 1913 135 1972 dine
155 1910 350 1989 quadrantali,
373 1913 521 1990 maiusque
537 1913 704 1972 miraculum
722 1915 753 1972 in
768 1932 803 1973 ea
816 1921 862 1972 est
878 1913 949 1970 artis
964 1912 1072 1972 latente

64 1999 199 2056 iunctura
221 2012 305 2072 quam
328 1997 472 2072 potuisset
495 2014 563 2055 esse
577 2005 706 2056 naturae.
741 1997 855 2066 solidae
872 2005 966 2056 autem
982 2015 999 2055 a
1013 1995 1072 2054 No·
1178 2029 1182 2040 2

63 2080 125 2140 mio
143 2075 277 2138 Caesaris
295 2078 400 2140 liberto
422 2095 585 2156 cognomen
599 2079 724 2138 mellenti
741 2079 836 2139 tribus
857 2079 977 2137 sicilicis
999 2078 1072 2137 inira

65 2171 205 2242 quattuor
231 2163 326 2241 pedes
350 2163 529 2240 totidemque
552 2162 625 2220 inira
658 2163 838 2240 semipedem
865 2160 1072 2221 crassitudinis.

65 2263 126 2326 qua
142 2247 170 2305 iu
187 2264 221 2305 re
237 2263 295 2305 nou
315 2245 500 2306 omittendum
520 2245 633 2304 videtur
654 2243 772 2304 'liberio
794 2243 919 2322 principi
942 2252 1117 2307 mensam94

27 2357 55 2397 25
66 2337 205 2409 quattuor
212 2330 305 2407 pedes
314 2338 448 2390 sextante
460 2338 488 2388 et
500 2329 612 2390 sicilico
625 2329 827 2403 excedentem,
838 2335 900 2386 tota
911 2343 983 2387 vero
996 2345 1074 2388 cras-

14 2447 18 2456 ·
66 2410 193 2475 situdine
211 2413 401 2488 sescunciali,
415 2415 596 2492 operimento
611 2413 867 2473 lamnaevestitam
883 2411 992 2487 luisse,
1009 2429 1074 2470 curn

65 2509 127 2560 tam
142 2499 237 2576 opima
251 2495 356 2556 Nomio
372 2496 478 2557 liberto
494 2499 556 2556 eius
573 2506 668 2573 esset,
693 2499 773 2558 onius
788 2496 907 2556 materia
931 2505 1012 2556 esset
1030 2504 1073 2555 tu·

65 2583 133 2644 ber.
163 2581 222 2641 hoo
242 2590 289 2641 est
305 2581 427 2656 radicis,
439 2599 639 2659 maxumeque
660 2581 804 2643 laudatum
822 2580 900 2659 quod
921 2579 975 2640 sub
993 2587 1117 2642 terrast

68 2675 160 2727 totum
174 2665 277 2740 luerit,
295 2674 325 2724 et
341 2666 434 2725 rarius
446 2683 530 2742 quam
545 2683 618 2742 quae
632 2683 758 2744 superne
773 2666 928 2742 gignumur
943 2667 1028 2725 etiam
1045 2665 1075 2722 in

31 2751 168 2825 artemis,
181 2751 360 2828 proprieque
376 2748 452 2826 quod
468 2751 537 2810 tanti
548 2751 651 2810 emitur
666 2748 801 2809 arborum
813 2749 912 2808 vitium
927 2756 989 2825 est,
1005 2765 1074 2825 qua·

66 2851 131 2894 rum
147 2831 304 2911 amplitudo
320 2850 355 2892 ao
371 2832 486 2892 radices
500 2833 645 2892 aestimari
660 2842 782 2910 possunt
797 2850 836 2892 ex
848 2831 979 2892 orbibus.
1009 2839 1075 2890 sunt

67 2927 166 2978 autem
182 2933 323 2994 cupresso
341 2916 465 2976 deminae
484 2925 570 2994 atque
589 2918 741 2976 etiamnum
763 2916 890 2977 silvestri
905 2915 1013 2976 similes
1029 2914 1073 2974 io·

67 3002 126 3076 lio,
140 3001 244 3076 odora,
261 2999 391 3061 caudice.
415 3000 592 3061 Ancorarius
606 3017 688 3060 mons
700 3009 822 3060 vocatur
839 2999 983 3060 citerioris
994 2997 1086 3058 blau.

67 3087 202 3145 reteniae
219 3087 267 3162 qui
283 3085 504 3146 laudatissimam
520 3084 600 3144 dedit
616 3084 734 3160 citrum,
749 3086 805 3144 iam
821 3084 988 3144 exhaustus.
1047 3137 1050 3143 .

33 3191 60 3232 ae
137 3167 221 3246 (30.)
244 3166 525 3248 Mensispraecipua
539 3168 592 3230 dos
608 3169 637 3228 in
651 3185 753 3229 venam
768 3169 875 3246 crispis
893 3166 942 3225 vel
963 3166 992 3224 in
1007 3171 1117 3226 rer-96

71 3253 148 3312 tices
163 3269 282 3330 parvos.
313 3251 384 3312 illud
399 3253 528 3329 oblongo
541 3252 637 3311 evenit
654 3252 785 3312 discursu
801 3251 926 3328 ideoque
941 3249 1075 3325 tigrinum

72 3336 255 3414 appellatur,
278 3334 473 3411 lnocinium,
497 3345 527 3395 et
536 3336 610 3396 ideo
625 3336 700 3398 tales
717 3336 904 3416 pantherinae
922 3340 1074 3391 vocantur.

73 3429 140 3478 sunt
163 3428 192 3479 et
213 3419 339 3496 updatim
360 3422 489 3499 crispae,
510 3421 618 3479 maiore
639 3423 731 3497 gratia
752 3421 776 3480 si
798 3435 940 3497 pavonum
964 3415 1075 3476 caudae

73 3503 182 3564 oculor
198 3503 352 3562 imitentur.
385 3525 488 3587 magna
503 3525 604 3568 verum
616 3514 684 3584 post
703 3503 756 3564 ba·
776 3503 869 3580 gratia
890 3509 973 3562 extra
987 3503 1117 3580 praesu
