2462 3900
274 203 354 250 usn.
373 203 463 251 ursa.
479 205 542 252 ΧΗ.
558 201 679 256 ra-ut.
698 185 844 278 (le-54.)
999 181 1060 260 2'27

124 355 172 416 25.
201 357 285 436 (54.)
314 356 373 416 Sed
394 357 523 419 omnibus
544 361 683 422 odoribus
703 364 867 442 praefertur
889 365 1060 445 balsamum,

59 443 107 502 uui
122 448 262 500 terrarum
276 439 401 514 Iudaeae
419 459 606 520 concessum,
624 447 766 524 quondam
780 449 809 506 in
827 448 939 508 duobus
953 459 1061 512 tanturn

58 526 160 600 bortis,
180 534 304 602 utroque
315 526 415 602 regio,
433 526 525 586 altero
538 530 668 604 iugerum
680 543 728 590 xx
745 547 802 590 non
812 533 949 611 amplius,
965 535 1059 596 altero

59 609 235 690 pauciorum.
262 609 418 668 ostendere
434 609 564 670 arbatum
579 612 652 673 banc
667 614 729 673 urbi
741 616 933 694 imperatores
945 616 1058 696 Vespa·

34 695 140 754 ostent
171 694 338 778 clarumque
355 692 448 769 dictu,
464 694 630 774 al'ompeio
646 696 752 775 blagno
769 702 798 758 in
816 700 958 779 triumpho
973 701 1057 761 arbo·

57 797 107 838 res
124 793 240 856 quoque
256 777 395 838 duximus.
420 779 510 837 servit
525 797 599 838 niune
614 780 689 841 haec
700 799 734 842 ac
749 783 852 844 tributa
865 785 965 862 pendit
977 795 1101 850 cunum

57 881 110 922 sna
126 870 229 939 geute,
254 862 282 920 iu
299 869 388 921 totum
403 861 458 922 alia
476 869 575 922 natura
597 882 681 943 quam
697 869 787 926 nostri
802 870 974 947 externique
990 885 1057 947 pro·

56 947 196 1006 diderant.
224 947 333 1024 quippe
350 948 408 1004 viti.
415 946 535 1006 similior
552 957 597 1006 est
614 966 698 1026 quana
715 959 817 1026 myrto.
842 952 987 1011 malleolis
999 953 1059 1012 seri

4 1063 12 1082 ,
55 1029 155 1091 didicit
178 1046 271 1107 nuper
285 1030 381 1089 vincta
395 1039 426 1089 ut
441 1032 524 1106 vitis,
544 1039 573 1090 et
587 1032 679 1109 inplet
697 1035 782 1095 collis
798 1035 945 1096 vinearum
960 1037 1056 1097 modo.

19 1125 46 1166 ¹0
56 1131 131 1193 quae
148 1113 210 1173 sine
225 1112 404 1173 adminiculis
419 1133 451 1173 se
470 1118 532 1192 ipsa
548 1118 670 1176 sustinet
694 1119 830 1178 tondetur
851 1121 983 1180 similiter
999 1119 1058 1178 iru-

53 1201 147 1258 tioans
163 1215 197 1258 ao
212 1198 314 1258 rastris
331 1199 447 1257 nitescit
463 1209 661 1279 properatque
676 1204 774 1277 nasci,
790 1203 863 1262 intra
878 1205 992 1264 tertium
1009 1221 1057 1262 an-

52 1301 120 1342 num
130 1281 291 1343 bnctiiera.
310 1282 411 1343 folium
423 1300 591 1360 proxumum
605 1293 698 1361 rutae,
711 1294 852 1364 perpetua
866 1303 958 1346 coma.
976 1296 1101 1350 sae-113

52 1368 136 1427 viere
160 1367 189 1425 in
216 1384 279 1426 eam
307 1365 405 1426 ludaei
432 1367 506 1425 sicut
527 1369 555 1425 in
577 1369 663 1426 vitam
680 1387 797 1449 quoque
820 1387 911 1432 suam.
956 1377 1057 1431 contra

53 1450 214 1511 defendere
229 1449 351 1510 Romani
366 1460 396 1509 ct
408 1449 570 1510 dimicatum
581 1469 634 1530 pro
644 1451 749 1513 frutice
762 1461 817 1513 est.
843 1455 971 1532 seritque
982 1471 1059 1514 nuuc

18 1546 43 1586 1⁵
54 1554 121 1596 eum
141 1535 246 1610 lineus,
266 1553 322 1594 neo
343 1551 473 1612 umquam
496 1534 548 1595 init
572 1539 763 1597 numerosior.
799 1539 962 1616 proceritas
984 1539 1058 1598 intra

53 1621 122 1680 bina
145 1616 240 1678 cubita
263 1618 403 1679 subsistit.
432 1617 539 1679 Arbori
562 1620 615 1679 tria
637 1637 762 1697 genera:
792 1631 879 1706 tenue
898 1631 927 1682 et
949 1621 1101 1702 capii-114

52 1705 138 1764 lacea
161 1719 259 1777 coma,
283 1702 361 1781 quod
377 1711 498 1762 vocatur
519 1702 708 1764 cutberiston.
741 1705 863 1766 alterum
886 1705 992 1766 scabro
1009 1704 1057 1765 ad·
1135 1753 1142 1768 .

51 1795 174 1866 spectu,
190 1788 357 1861 incurvom,
373 1786 559 1862 lruticosum,
577 1788 736 1849 odoratius.
767 1789 826 1850 hoc
839 1789 942 1865 trachy
955 1789 1057 1868 appel·

53 1873 121 1931 lant.
154 1872 268 1930 tertium
285 1888 436 1945 eumeces,
456 1872 521 1950 quia
538 1879 583 1930 est
599 1872 719 1950 reliquis
734 1875 905 1953 procerius,
921 1874 981 1934 levi
993 1889 1057 1933 cor·

15 1958 121 2015 sotice.
152 1955 218 2015 buic
247 1956 377 2015 secunda
400 1955 530 2031 bouitas,
561 1957 716 2018 novissima
737 1958 908 2018 cutberisto.
938 1967 1099 2020 sententie

52 2041 116 2100 eius
138 2039 205 2098 vino
226 2057 395 2118 proxumum
417 2050 520 2115 gustu,
542 2039 644 2099 coloro
658 2040 768 2116 ruium,
791 2059 848 2102 uec
867 2044 930 2101 sinc
946 2041 1055 2118 pingui.

51 2125 138 2204 peius
157 2124 186 2202 in
206 2139 296 2200 grano
322 2123 399 2202 quod
421 2123 513 2182 levius
536 2132 624 2200 utque
647 2124 775 2182 viridius.
810 2141 907 2187 ramus
929 2125 1059 2184 crassior

52 2208 138 2286 quam
153 2217 256 2281 myrto.
286 2207 419 2267 inciditur
434 2207 527 2282 vitro,
543 2206 641 2284 lapide
657 2208 792 2266 osseisve
813 2206 950 2266 cultellis.
976 2208 1056 2266 ierro

50 2291 130 2352 laedi
148 2291 245 2350 vitalia
262 2290 338 2367 odit,
361 2290 498 2350 emoritur
509 2292 655 2367 protinus,
680 2290 784 2350 eodem
800 2291 941 2366 amputari
955 2306 1056 2367 super·

16 2381 147 2435 wudcua
172 2377 295 2453 patiens.
335 2373 486 2444 incidentis
512 2391 611 2434 manus
641 2372 760 2433 libratur
785 2374 888 2435 artilici
912 2382 1056 2452 tempera·

50 2467 166 2534 mento,
184 2477 221 2518 ne
238 2459 305 2538 quid
319 2459 394 2518 ultra
410 2459 550 2518 corticem
573 2459 674 2518 violet.
703 2473 790 2520 sucus
807 2477 823 2517 e
840 2458 928 2536 plaga
944 2464 1039 2516 manat
1049 2465 1100 2520 116

51 2562 140 2622 quem
161 2536 378 2623 opobalsamum
399 2550 522 2615 uocant,
549 2543 698 2602 suavitatis
728 2542 873 2617 eximiae,
903 2540 957 2602 sed
978 2541 1057 2600 tenui

52 2627 159 2706 {gutta}
176 2627 307 2705 ploratu,
327 2627 400 2687 ladis
414 2643 505 2704 parva
521 2627 668 2704 colligitur
682 2627 711 2686 in
723 2643 841 2686 cornua.
868 2643 906 2685 ex
920 2626 965 2686 bis
980 2641 1057 2684 novo
1158 2646 1161 2654 ·

49 2711 134 2772 fictili
149 2712 297 2787 conditur,
313 2711 451 2771 crassiori
467 2710 567 2771 similis
577 2711 644 2770 oleo
664 2719 692 2768 et
706 2712 734 2769 in
748 2719 842 2770 musto
860 2709 991 2772 candida.
1009 2727 1056 2768 ru·

15 2795 138 2855 calescit
153 2795 257 2855 deiude
282 2795 424 2872 simulque
439 2791 567 2854 durescit
583 2813 599 2854 e
615 2793 768 2854 tralucido.
800 2791 970 2854 Alexandro
983 2792 1098 2853 lia-lli

48 2875 109 2957 giro
125 2898 176 2938 res
197 2880 237 2938 ibi
259 2889 381 2958 gerente
408 2886 470 2937 toto
492 2875 538 2939 die
559 2880 672 2938 aestiuo
689 2894 772 2936 unam
794 2877 934 2938 concham
952 2875 1057 2954 inpleri

47 2966 157 3024 iustum
172 2974 250 3039 erat,
273 2965 348 3024 omni
364 2979 435 3022 vero
460 2961 636 3022 fecunditate
661 2978 677 3019 e
697 2962 807 3021 maiore
827 2961 913 3021 horto
936 2961 1056 3036 congios

49 3058 159 3124 senos,
177 3068 194 3108 e
212 3050 322 3109 minore
340 3045 488 3124 singulos,
507 3063 571 3108 eum
586 3054 616 3105 et
628 3044 715 3122 duplo
728 3043 942 3124 rependebatur
954 3059 1057 3118 argen-

47 3141 119 3192 tum.
137 3151 211 3193 nunc
224 3134 307 3193 etiam
317 3131 492 3209 singularum
502 3130 635 3192 arborum
649 3129 760 3208 largior
771 3145 854 3190 vena.
869 3137 915 3186 ter
928 3125 1058 3186 omuibus

13 3218 214 3294 ”percutitur
234 3217 407 3292 aestatibus,
434 3219 537 3291 postea
555 3215 717 3293 deputatur.
754 3212 791 3274 tta
807 3217 950 3273 sarmenta
966 3226 1036 3289 quo·
1049 3218 1101 3276 118

48 3317 110 3380 que
139 3301 168 3360 in
188 3319 287 3361 merce
312 3309 385 3360 sunt.
417 3293 508 3361 156*oe
523 3299 579 3359 lts.
604 3299 760 3376 amputatio
778 3300 842 3376 ipsa
865 3293 1057 3372 surculusque

46 3385 173 3446 veniere
189 3387 263 3446 intra
279 3385 406 3465 quintum
426 3385 558 3445 devictae
582 3399 692 3443 annum.
723 3379 953 3457 xylobalsamum
968 3392 1056 3437 voca·

47 3477 98 3530 tur
114 3479 146 3530 et
162 3471 297 3551 coquitur
311 3470 340 3528 in
353 3469 507 3546 unguentis
519 3483 572 3546 pro
588 3483 659 3527 suco
674 3468 750 3546 ipso.
780 3462 906 3607 lquqticis
922 3461 1055 3523 etiamad
