2462 3900
204 191 265 254 292
541 205 572 253 c.
589 205 683 252 entur
699 201 849 252 saeuum

204 357 257 418 sed
274 360 350 436 quod
367 361 430 440 ipsa
444 376 501 419 nou
517 358 604 442 habet
619 359 683 422 aliis
698 357 841 433 tribuens,
857 361 990 436 quoniam
1005 369 1052 419 est
1068 355 1207 420 naturali

203 461 352 504 causarum
369 446 505 504 transitus
519 452 639 521 atquae
661 442 893 522 putrescentibus
908 443 1066 504 identidem
1084 461 1207 520 genera

162 536 196 589 80
208 537 252 586 tur
264 525 382 606 aliquid.
411 545 483 605 ergo
500 527 609 587 culices
622 529 712 606 parit,
725 527 754 587 bi
768 526 892 588 iraudati
906 527 1043 588 alimento
1059 529 1092 588 in
1108 537 1206 600 matre,

203 614 279 689 putri
308 613 369 672 eius
397 612 479 687 tabe,
509 611 545 672 ad
575 621 726 688 cognatam
757 611 872 690 volant,
901 627 1059 690 morsuque
1084 612 1206 687 ,licoran

97 718 102 727 ¹
204 695 327 771 crebro,
350 696 407 758 hoc
423 705 468 758 est
489 693 619 756 avidiore
640 705 743 774 pastu,
769 697 933 774 aperientes
956 711 1007 756 ore
1031 713 1155 771 earnm,
1175 697 1219 754 itas

204 789 390 857 penetrantes
411 780 486 840 intus
510 779 602 840 solem
626 782 717 858 prinae
743 797 842 840 secum
864 780 999 841 inducunt
1020 781 1219 858 cerealisque

202 881 287 926 auras
303 867 442 924 inmittunt
454 863 565 922 loribus
580 864 737 941 adapertis.
764 881 831 924 mox
843 862 968 923 lacteum
982 881 1141 940 umorem,
1158 865 1206 924 lroc

203 958 247 1006 est
261 949 407 1008 infantiam
421 949 516 1026 pomi,
542 946 708 1022 absumunt,
731 948 808 1028 quod
831 947 862 1006 lit
885 955 913 1007 et
930 955 1052 1025 sponte,
1079 950 1205 1026 ideoque

202 1033 295 1092 licetis
314 1032 467 1110 caprificus
489 1032 659 1110 permittitur
674 1033 710 1092 ad
731 1033 871 1092 raticbem
886 1032 965 1092 uenti
980 1041 1010 1091 ut
1028 1031 1121 1092 flatus
1144 1049 1205 1092 ero

159 1127 189 1179 81
204 1116 286 1174 lentis
303 1117 330 1174 in
346 1116 419 1178 lices
434 1116 518 1176 ierat.
548 1115 614 1176 inde
627 1126 775 1196 repertum
788 1125 817 1178 ut
833 1115 937 1178 inlatae
951 1117 1071 1194 quoque
1090 1117 1219 1184 aliundet

203 1209 232 1258 et
248 1201 322 1259 inter
334 1218 366 1261 se
382 1202 545 1278 conligatae
561 1203 738 1264 inicerentur
752 1202 826 1280 lico,
843 1201 921 1280 quod
934 1202 961 1262 in
976 1218 1078 1260 maoro
1096 1201 1170 1260 solo
1183 1189 1219 1258 el

200 1284 346 1362 aquilonio
363 1303 420 1344 non
435 1286 633 1361 desideratur,
654 1288 789 1365 quoniam
804 1295 907 1365 sponte
923 1294 1059 1347 arescunt
1075 1285 1143 1344 loci
1157 1286 1219 1360 sita¹

201 1369 338 1446 rimisque
356 1369 457 1430 eedem
471 1387 545 1447 quoe
563 1371 685 1430 culicum
701 1387 795 1449 opere
819 1387 907 1432 causa
923 1371 1057 1448 perdcit,
1082 1387 1146 1432 nec
1163 1368 1219 1454 ubi,

200 1453 306 1512 multus
327 1452 441 1532 pulvis,
464 1454 542 1532 quod
561 1455 660 1514 evenit
676 1473 806 1516 maxume
826 1454 972 1532 frequenti
988 1455 1034 1514 via
1057 1454 1202 1533 adposita.
1218 1471 1219 1548 q

201 1553 323 1614 namque
347 1546 376 1596 et
399 1537 511 1615 pulveri
531 1539 575 1597 vis
591 1538 720 1600 siccandi
735 1557 893 1618 sucumque
909 1539 993 1599 lactis
1013 1537 1219 1598 absorbendi.

201 1637 275 1696 quae
297 1619 518 1711 ratiolpuluere'
534 1631 564 1682 et
583 1621 799 1700 caprificatione
817 1623 873 1682 hoc
888 1640 1003 1702 quoque
1019 1632 1203 1700 praestatae

200 1704 352 1780 decidant,
375 1705 526 1783 absumpto
543 1723 643 1766 umore
657 1716 759 1767 tenero
776 1716 806 1768 et
823 1722 886 1767 eunt
902 1706 1024 1785 quadam
1043 1707 1202 1784 fragilitate

155 1787 378 1863 82ponderoso.
416 1788 493 1848 Ficis
516 1789 768 1851 mollis-omnibus
786 1799 896 1866 tactus,
920 1793 1038 1850 maturis
1060 1791 1201 1852 frumenta

198 1871 289 1944 intus,
310 1889 399 1931 sucus
412 1872 669 1934 maturescentibus
691 1875 793 1950 lactis,
816 1873 1088 1953 percoctls‘mellis.
1121 1894 1219 1946 senet

198 1954 281 2010 scunt
302 1954 330 2014 in
344 1954 450 2016 arbore
466 1973 595 2036 anusque
613 1957 759 2019 destillant
778 1959 927 2018 cummium
943 1958 1074 2018 lacrima.
1112 1962 1219 2020 siccata

198 2035 292 2096 bonos
307 2037 455 2115 laudatas,
475 2049 572 2103 servat
585 2041 614 2100 ia
630 2044 744 2120 capsis,
761 2041 861 2102 Ebuso
877 2042 1199 2122 insulapraestantissi·
1215 2017 1219 2122 i

198 2138 259 2180 mas
275 2123 541 2202 amplissimosque,
563 2141 631 2186 mox
647 2127 675 2186 in
690 2124 870 2188 Marrucinis.
903 2135 933 2186 at
945 2125 997 2186 ubi
1009 2130 1103 2205 'copia
1115 2127 1199 2188 abuu-
1217 2129 1219 2160 ⁹

198 2205 262 2279 dat,
281 2207 425 2284 inplentur
439 2225 528 2268 orcae
544 2210 571 2268 in
587 2209 675 2286 Asia,
693 2210 757 2271 cadi
773 2219 868 2272 eutem
886 2211 914 2269 in
928 2207 1059 2289 Ruspina
1082 2209 1197 2272 Africae

197 2287 286 2363 urbe,
301 2293 441 2370 panisque
456 2293 580 2354 simulet
594 2295 697 2372 opsoni
708 2295 802 2354 vicem
817 2295 945 2354 siccatae
959 2294 1088 2372 inplent,
1101 2303 1198 2374 utpote

197 2391 262 2431 oum
278 2371 350 2434 Cato
361 2375 468 2436 cibaria
481 2377 554 2436 ruris
566 2379 709 2457 operariis
724 2379 798 2438 iusta
814 2395 869 2438 ceu
885 2378 952 2456 lege
964 2380 1102 2440 sanciens
1118 2379 1218 2442 minuis

12 2517 13 2522 .
195 2455 295 2515 iubeat
306 2473 360 2534 pet·
375 2457 422 2518 fici
437 2461 635 2521 maturitatem.
651 2479 726 2522 curu
741 2463 853 2523 recenti
865 2463 921 2522 irco
940 2462 1009 2524 salis
1028 2463 1097 2524 viee
1114 2479 1196 2524 caseo

79 2558 83 2563 ·
155 2541 283 2599 83vesci
307 2558 399 2618 nuper
419 2544 615 2620 excogitatum
630 2553 685 2606 est.
717 2545 763 2606 Ex
780 2547 837 2606 hoc
852 2564 966 2624 genero
982 2556 1062 2621 sunt,
1082 2558 1113 2610 ut
1132 2549 1196 2608 dini·

154 2620 185 2694 .¹,³,·
196 2639 275 2696 mus,
291 2623 408 2684 cottan‘a
422 2635 452 2684 et
470 2629 583 2688 caricae
600 2647 734 2708 quaeque
749 2631 956 2692 conscendenti
975 2649 1081 2692 navem
1099 2633 1195 2693 adrer-

197 2723 247 2764 sus
272 2703 392 2766 Parthos
423 2725 507 2776 omen
534 2711 635 2775 lacere
660 2711 698 2774 ld.
728 2713 836 2775 Crasso
862 2715 977 2775 venalis
1002 2717 1194 2792 praedicantis

197 2807 287 2865 voce,
309 2807 446 2855 carneae.
478 2797 572 2859 omnia
593 2795 667 2858 haec
685 2800 714 2858 in
734 2798 864 2860 Albense
885 2817 935 2858 rus
957 2817 975 2858 e
995 2800 1082 2874 Syria
1107 2800 1216 2860 intulits

195 2873 226 2935 L.
243 2873 394 2950 Vitellius,
416 2875 465 2954 qui
481 2888 585 2956 postea
603 2872 792 2957 censor'iuit,
815 2901 879 2944 eum
897 2884 1011 2959 legatus
1028 2885 1058 2942 in
1079 2902 1117 2945 ea
1133 2901 1194 2965 pro:

196 2959 291 3020 vincia
308 2963 585 3032 esset,.novissimia
598 2962 695 3028 Tiberi
712 2964 848 3028 Caesaris
858 2966 1055 3044 temporibus.

116 3087 120 3095 .
153 3049 188 3102 84
260 3042 310 3103 20.
329 3043 411 3130 (²23)
434 3042 574 3116 Malorum
586 3049 771 3128 pirorumque
782 3053 885 3128 generi
901 3051 1126 3112 adnumerentur
1136 3056 1191 3113 iure

194 3127 317 3204 mespila
336 3137 422 3207 atque
439 3129 539 3194 sorba.
570 3129 700 3212 Mespilis
715 3136 770 3195 tria
783 3153 910 3212 geuene,
933 3135 1096 3212 anthedon,
1122 3147 1190 3198 seta·

194 3212 259 3286 nia,
289 3215 404 3272 tertium
433 3214 608 3291 degenerat,
641 3217 795 3278 anthedoni
825 3219 1084 3294 tamensimilius,
1120 3219 1219 3298 quoda,

197 3293 338 3356 Gallicum
353 3307 467 3360 vocant.
498 3301 626 3360 setaniae
639 3301 732 3360 maius
748 3318 862 3380 pomum
881 3302 1108 3381 candidiusque,
1124 3306 1190 3364 acini
1217 3305 1218 3312 ³

194 3377 329 3438 molliore
344 3380 440 3457 ligno,
457 3383 563 3442 esteris
579 3385 670 3445 miuus
682 3402 815 3462 potuum,
829 3387 882 3446 sed
895 3385 986 3446 odore
1002 3391 1189 3464 praestantius

197 3466 225 3512 et
248 3462 325 3536 quod
349 3463 452 3526 diutius
475 3474 618 3527 servetur.
646 3467 736 3530 arbor
757 3471 875 3548 ipsade
898 3470 1089 3548 amplissimis.
1124 3471 1189 3532 lolia
