<?xml version="1.0" encoding="UTF-8"?>
<!DOCTYPE html PUBLIC "-//W3C//DTD XHTML 1.0 Transitional//EN"
    "http://www.w3.org/TR/xhtml1/DTD/xhtml1-transitional.dtd">
<html xmlns="http://www.w3.org/1999/xhtml" xml:lang="en" lang="en">
 <head>
  <title>
</title>
<meta http-equiv="Content-Type" content="text/html;charset=utf-8" />
  <meta name='ocr-system' content='tesseract 3.04.00' />
  <meta name='ocr-capabilities' content='ocr_page ocr_carea ocr_par ocr_line ocrx_word'/>
</head>
<body>
  <div class='ocr_page' id='page_1' title='image "./cplinisecundina12plingoog_0126.png"; bbox 0 0 2444 3908; ppageno 0'>
   <div class='ocr_carea' id='block_1_1' title="bbox 170 212 1038 313">
    <p class='ocr_par' dir='ltr' id='par_1_1' title="bbox 170 212 1038 313">
     <span class='ocr_line' id='line_1_1' title="bbox 170 212 1038 313; baseline 0.009 -24"><span class='ocrx_word' id='word_1_1' title='bbox 170 281 173 289; x_wconf 89' lang='lat'><em>.</em></span> <span class='ocrx_word' id='word_1_2' title='bbox 239 239 318 285; x_wconf 79' lang='lat' dir='ltr'>unu.</span> <span class='ocrx_word' id='word_1_3' title='bbox 341 212 432 287; x_wconf 74' lang='lat' dir='ltr'>insu.</span> <span class='ocrx_word' id='word_1_4' title='bbox 454 239 529 288; x_wconf 85' lang='lat' dir='ltr'>vm.</span> <span class='ocrx_word' id='word_1_5' title='bbox 553 235 673 291; x_wconf 78' lang='lat' dir='ltr'>oa-ol.</span> <span class='ocrx_word' id='word_1_6' title='bbox 691 229 845 313; x_wconf 76' lang='lat' dir='ltr'>(ta-aa.)</span> <span class='ocrx_word' id='word_1_7' title='bbox 998 233 1038 297; x_wconf 81' lang='grc'>83</span> 
     </span>
    </p>
   </div>
   <div class='ocr_carea' id='block_1_2' title="bbox 6 391 1145 3640">
    <p class='ocr_par' dir='ltr' id='par_1_2' title="bbox 6 391 1089 2068">
     <span class='ocr_line' id='line_1_2' title="bbox 6 391 1039 474; baseline 0.011 -23"><span class='ocrx_word' id='word_1_8' title='bbox 6 408 131 452; x_wconf 87' lang='lat' dir='ltr'>merae</span> <span class='ocrx_word' id='word_1_9' title='bbox 158 392 321 472; x_wconf 83' lang='lat' dir='ltr'>famemque</span> <span class='ocrx_word' id='word_1_10' title='bbox 343 391 486 472; x_wconf 87' lang='lat' dir='ltr'>Baliarum</span> <span class='ocrx_word' id='word_1_11' title='bbox 507 395 608 455; x_wconf 87' lang='lat' dir='ltr'>insulis</span> <span class='ocrx_word' id='word_1_12' title='bbox 623 397 770 474; x_wconf 89' lang='lat' dir='ltr'>populatis</span> <span class='ocrx_word' id='word_1_13' title='bbox 794 399 936 461; x_wconf 78' lang='lat' dir='ltr'>messibus</span> <span class='ocrx_word' id='word_1_14' title='bbox 958 403 1039 464; x_wconf 88' lang='lat' dir='ltr'>adle-</span> 
     </span>
     <span class='ocr_line' id='line_1_3' title="bbox 6 477 1079 546; baseline 0.012 -12"><span class='ocrx_word' id='word_1_15' title='bbox 6 486 141 540; x_wconf 79' lang='lat' dir='ltr'>rentes.</span> <span class='ocrx_word' id='word_1_16' title='bbox 175 477 251 536; x_wconf 84' lang='lat' dir='ltr'>ietus</span> <span class='ocrx_word' id='word_1_17' title='bbox 272 479 365 537; x_wconf 88' lang='lat' dir='ltr'>rentn&#39;</span> <span class='ocrx_word' id='word_1_18' title='bbox 389 488 526 539; x_wconf 87' lang='lat' dir='ltr'>exsectos</span> <span class='ocrx_word' id='word_1_19' title='bbox 548 480 595 539; x_wconf 90' lang='lat' dir='ltr'>vel</span> <span class='ocrx_word' id='word_1_20' title='bbox 618 480 755 540; x_wconf 82' lang='lat' dir='ltr'>uberibus</span> <span class='ocrx_word' id='word_1_21' title='bbox 781 481 892 542; x_wconf 88' lang='lat' dir='ltr'>ablatos</span> <span class='ocrx_word' id='word_1_22' title='bbox 914 502 972 545; x_wconf 90' lang='lat' dir='ltr'>uon</span> <span class='ocrx_word' id='word_1_23' title='bbox 992 504 1039 546; x_wconf 91' lang='lat' dir='ltr'>re·</span> <span class='ocrx_word' id='word_1_24' title='bbox 1075 528 1079 534; x_wconf 89' lang='lat'>-</span> 
     </span>
     <span class='ocr_line' id='line_1_4' title="bbox 9 560 1039 640; baseline 0.01 -22"><span class='ocrx_word' id='word_1_25' title='bbox 9 570 176 640; x_wconf 85' lang='lat' dir='ltr'>purgatos</span> <span class='ocrx_word' id='word_1_26' title='bbox 192 560 347 620; x_wconf 77' lang='lat' dir='ltr'>interaneis</span> <span class='ocrx_word' id='word_1_27' title='bbox 362 563 525 638; x_wconf 84' lang='lat' dir='ltr'>gratissimo</span> <span class='ocrx_word' id='word_1_28' title='bbox 539 565 570 638; x_wconf 91' lang='lat' dir='ltr'>in</span> <span class='ocrx_word' id='word_1_29' title='bbox 587 563 682 624; x_wconf 87' lang='lat' dir='ltr'>cibatu</span> <span class='ocrx_word' id='word_1_30' title='bbox 698 564 815 624; x_wconf 85' lang='lat' dir='ltr'>habeut.</span> <span class='ocrx_word' id='word_1_31' title='bbox 845 566 968 628; x_wconf 89' lang='lat' dir='ltr'>laurices</span> <span class='ocrx_word' id='word_1_32' title='bbox 986 587 1039 628; x_wconf 87' lang='lat' dir='ltr'>vo·</span> 
     </span>
     <span class='ocr_line' id='line_1_5' title="bbox 11 643 1081 726; baseline 0.01 -22"><span class='ocrx_word' id='word_1_33' title='bbox 11 654 104 704; x_wconf 86' lang='lat' dir='ltr'>cant.</span> <span class='ocrx_word' id='word_1_34' title='bbox 127 653 240 705; x_wconf 89' lang='lat' dir='ltr'>certum</span> <span class='ocrx_word' id='word_1_35' title='bbox 252 654 297 703; x_wconf 88' lang='lat' dir='ltr'>est</span> <span class='ocrx_word' id='word_1_36' title='bbox 312 643 470 705; x_wconf 90' lang='lat' dir='ltr'>Baliaricos</span> <span class='ocrx_word' id='word_1_37' title='bbox 486 648 626 708; x_wconf 86' lang='lat' dir='ltr'>adversus</span> <span class='ocrx_word' id='word_1_38' title='bbox 645 658 815 726; x_wconf 89' lang='lat' dir='ltr'>proventum</span> <span class='ocrx_word' id='word_1_39' title='bbox 827 667 926 709; x_wconf 87' lang='lat' dir='ltr'>eorum</span> <span class='ocrx_word' id='word_1_40' title='bbox 942 655 1081 720; x_wconf 72' lang='lat' dir='ltr'>auxi-218</span> 
     </span>
     <span class='ocr_line' id='line_1_6' title="bbox 9 728 1038 812; baseline 0.008 -25"><span class='ocrx_word' id='word_1_41' title='bbox 9 729 97 788; x_wconf 90' lang='lat' dir='ltr'>lium</span> <span class='ocrx_word' id='word_1_42' title='bbox 110 729 238 788; x_wconf 89' lang='lat' dir='ltr'>militare</span> <span class='ocrx_word' id='word_1_43' title='bbox 250 746 265 789; x_wconf 92' lang='lat' dir='ltr'>a</span> <span class='ocrx_word' id='word_1_44' title='bbox 277 728 344 788; x_wconf 93' lang='lat' dir='ltr'>divo</span> <span class='ocrx_word' id='word_1_45' title='bbox 356 728 487 807; x_wconf 78' lang='lat' dir='ltr'>Augusto</span> <span class='ocrx_word' id='word_1_46' title='bbox 503 733 634 810; x_wconf 84' lang='lat' dir='ltr'>petiisse.</span> <span class='ocrx_word' id='word_1_47' title='bbox 653 749 754 808; x_wconf 88' lang='lat' dir='ltr'>magna</span> <span class='ocrx_word' id='word_1_48' title='bbox 770 743 890 812; x_wconf 86' lang='lat' dir='ltr'>propter</span> <span class='ocrx_word' id='word_1_49' title='bbox 904 745 1038 812; x_wconf 81' lang='lat' dir='ltr'>venatum</span> 
     </span>
     <span class='ocr_line' id='line_1_7' title="bbox 12 813 1038 895; baseline 0.006 -23"><span class='ocrx_word' id='word_1_50' title='bbox 12 829 93 872; x_wconf 87' lang='lat' dir='ltr'>eum</span> <span class='ocrx_word' id='word_1_51' title='bbox 109 813 237 872; x_wconf 82' lang='lat' dir='ltr'>viverris</span> <span class='ocrx_word' id='word_1_52' title='bbox 253 814 345 888; x_wconf 87' lang='lat' dir='ltr'>gratia</span> <span class='ocrx_word' id='word_1_53' title='bbox 362 821 415 872; x_wconf 87' lang='lat' dir='ltr'>est.</span> <span class='ocrx_word' id='word_1_54' title='bbox 438 815 555 875; x_wconf 88' lang='lat' dir='ltr'>iniciunt</span> <span class='ocrx_word' id='word_1_55' title='bbox 571 833 622 876; x_wconf 92' lang='lat' dir='ltr'>eas</span> <span class='ocrx_word' id='word_1_56' title='bbox 638 817 667 874; x_wconf 90' lang='lat' dir='ltr'>iu</span> <span class='ocrx_word' id='word_1_57' title='bbox 682 833 789 894; x_wconf 88' lang='lat' dir='ltr'>specus</span> <span class='ocrx_word' id='word_1_58' title='bbox 805 819 852 895; x_wconf 88' lang='lat' dir='ltr'>qui</span> <span class='ocrx_word' id='word_1_59' title='bbox 868 827 932 878; x_wconf 87' lang='lat' dir='ltr'>suot</span> <span class='ocrx_word' id='word_1_60' title='bbox 944 819 1038 878; x_wconf 89' lang='lat' dir='ltr'>multi·</span> 
     </span>
     <span class='ocr_line' id='line_1_8' title="bbox 11 896 1039 982; baseline 0.006 -26"><span class='ocrx_word' id='word_1_61' title='bbox 11 896 112 956; x_wconf 83' lang='lat' dir='ltr'>iores</span> <span class='ocrx_word' id='word_1_62' title='bbox 131 897 258 972; x_wconf 89' lang='lat' dir='ltr'>interra,</span> <span class='ocrx_word' id='word_1_63' title='bbox 269 897 344 956; x_wconf 90' lang='lat' dir='ltr'>unde</span> <span class='ocrx_word' id='word_1_64' title='bbox 361 906 503 957; x_wconf 88' lang='lat' dir='ltr'>etnomen</span> <span class='ocrx_word' id='word_1_65' title='bbox 511 899 633 974; x_wconf 86' lang='lat' dir='ltr'>animali,</span> <span class='ocrx_word' id='word_1_66' title='bbox 645 909 731 978; x_wconf 88' lang='lat' dir='ltr'>atque</span> <span class='ocrx_word' id='word_1_67' title='bbox 744 901 782 960; x_wconf 91' lang='lat' dir='ltr'>ita</span> <span class='ocrx_word' id='word_1_68' title='bbox 791 902 902 961; x_wconf 91' lang='lat' dir='ltr'>eiectos</span> <span class='ocrx_word' id='word_1_69' title='bbox 912 919 1039 982; x_wconf 86' lang='lat' dir='ltr'>superne</span> 
     </span>
     <span class='ocr_line' id='line_1_9' title="bbox 15 977 1039 1063; baseline 0.008 -25"><span class='ocrx_word' id='word_1_70' title='bbox 15 981 160 1057; x_wconf 85' lang='lat' dir='ltr'>capiunt.</span> <span class='ocrx_word' id='word_1_71' title='bbox 189 977 351 1040; x_wconf 80' lang='lat' dir='ltr'>Archelaus</span> <span class='ocrx_word' id='word_1_72' title='bbox 379 991 480 1042; x_wconf 86' lang='lat' dir='ltr'>auctor</span> <span class='ocrx_word' id='word_1_73' title='bbox 501 993 545 1043; x_wconf 89' lang='lat' dir='ltr'>est</span> <span class='ocrx_word' id='word_1_74' title='bbox 566 991 637 1062; x_wconf 86' lang='lat' dir='ltr'>quot</span> <span class='ocrx_word' id='word_1_75' title='bbox 656 985 713 1044; x_wconf 90' lang='lat' dir='ltr'>sint</span> <span class='ocrx_word' id='word_1_76' title='bbox 738 985 871 1063; x_wconf 87' lang='lat' dir='ltr'>corporis</span> <span class='ocrx_word' id='word_1_77' title='bbox 893 1002 1039 1046; x_wconf 86' lang='lat' dir='ltr'>cavernae</span> 
     </span>
     <span class='ocr_line' id='line_1_10' title="bbox 14 1062 1038 1142; baseline 0.005 -18"><span class='ocrx_word' id='word_1_78' title='bbox 14 1062 60 1124; x_wconf 86' lang='lat' dir='ltr'>ad</span> <span class='ocrx_word' id='word_1_79' title='bbox 81 1073 272 1124; x_wconf 85' lang='lat' dir='ltr'>excrementa</span> <span class='ocrx_word' id='word_1_80' title='bbox 290 1065 383 1142; x_wconf 91' lang='lat' dir='ltr'>lepori</span> <span class='ocrx_word' id='word_1_81' title='bbox 398 1066 516 1126; x_wconf 91' lang='lat' dir='ltr'>totidem</span> <span class='ocrx_word' id='word_1_82' title='bbox 529 1085 618 1132; x_wconf 88' lang='lat' dir='ltr'>annos</span> <span class='ocrx_word' id='word_1_83' title='bbox 631 1085 699 1126; x_wconf 90' lang='lat' dir='ltr'>esse</span> <span class='ocrx_word' id='word_1_84' title='bbox 715 1070 827 1128; x_wconf 88' lang='lat' dir='ltr'>aetatis.</span> <span class='ocrx_word' id='word_1_85' title='bbox 844 1071 940 1130; x_wconf 87' lang='lat' dir='ltr'>varius</span> <span class='ocrx_word' id='word_1_86' title='bbox 956 1077 1038 1129; x_wconf 89' lang='lat' dir='ltr'>certe</span> 
     </span>
     <span class='ocr_line' id='line_1_11' title="bbox 6 1149 1040 1230; baseline 0.008 -25"><span class='ocrx_word' id='word_1_87' title='bbox 6 1161 171 1206; x_wconf 64' lang='lat' dir='ltr'>&#39;numerus</span> <span class='ocrx_word' id='word_1_88' title='bbox 191 1149 343 1227; x_wconf 83' lang='lat' dir='ltr'>reperitur.</span> <span class='ocrx_word' id='word_1_89' title='bbox 383 1149 457 1208; x_wconf 89' lang='lat' dir='ltr'>idem</span> <span class='ocrx_word' id='word_1_90' title='bbox 479 1161 627 1230; x_wconf 84' lang='lat' dir='ltr'>utramque</span> <span class='ocrx_word' id='word_1_91' title='bbox 653 1153 710 1210; x_wconf 81' lang='lat' dir='ltr'>rim</span> <span class='ocrx_word' id='word_1_92' title='bbox 736 1153 857 1230; x_wconf 80' lang='lat' dir='ltr'>singulis</span> <span class='ocrx_word' id='word_1_93' title='bbox 879 1155 977 1212; x_wconf 87' lang='lat' dir='ltr'>inesse</span> <span class='ocrx_word' id='word_1_94' title='bbox 1004 1171 1040 1213; x_wconf 89' lang='lat' dir='ltr'>ao</span> 
     </span>
     <span class='ocr_line' id='line_1_12' title="bbox 16 1233 1080 1311; baseline 0.009 -19"><span class='ocrx_word' id='word_1_95' title='bbox 16 1233 91 1292; x_wconf 82' lang='lat' dir='ltr'>sine</span> <span class='ocrx_word' id='word_1_96' title='bbox 111 1250 194 1292; x_wconf 88' lang='lat' dir='ltr'>mare</span> <span class='ocrx_word' id='word_1_97' title='bbox 210 1249 303 1310; x_wconf 87' lang='lat' dir='ltr'>aeque</span> <span class='ocrx_word' id='word_1_98' title='bbox 321 1234 453 1308; x_wconf 81' lang='lat' dir='ltr'>gignere.</span> <span class='ocrx_word' id='word_1_99' title='bbox 481 1233 608 1311; x_wconf 82' lang='lat' dir='ltr'>Benigne</span> <span class='ocrx_word' id='word_1_100' title='bbox 626 1236 703 1295; x_wconf 91' lang='lat' dir='ltr'>circa</span> <span class='ocrx_word' id='word_1_101' title='bbox 719 1235 775 1294; x_wconf 92' lang='lat' dir='ltr'>hoc</span> <span class='ocrx_word' id='word_1_102' title='bbox 787 1245 886 1296; x_wconf 90' lang='lat' dir='ltr'>natura</span> <span class='ocrx_word' id='word_1_103' title='bbox 898 1239 1080 1302; x_wconf 72' lang='lat' dir='ltr'>innocuablb</span> 
     </span>
     <span class='ocr_line' id='line_1_13' title="bbox 18 1315 1037 1398; baseline 0.006 -24"><span class='ocrx_word' id='word_1_104' title='bbox 18 1326 53 1376; x_wconf 92' lang='lat' dir='ltr'>et</span> <span class='ocrx_word' id='word_1_105' title='bbox 75 1315 231 1375; x_wconf 89' lang='lat' dir='ltr'>esculenta</span> <span class='ocrx_word' id='word_1_106' title='bbox 250 1316 380 1376; x_wconf 89' lang='lat' dir='ltr'>animalia</span> <span class='ocrx_word' id='word_1_107' title='bbox 392 1317 515 1377; x_wconf 86' lang='lat' dir='ltr'>fecunda</span> <span class='ocrx_word' id='word_1_108' title='bbox 531 1320 691 1396; x_wconf 88' lang='lat' dir='ltr'>generavit.</span> <span class='ocrx_word' id='word_1_109' title='bbox 719 1319 803 1396; x_wconf 91' lang='lat' dir='ltr'>lepus</span> <span class='ocrx_word' id='word_1_110' title='bbox 816 1322 939 1379; x_wconf 93' lang='lat' dir='ltr'>omnium</span> <span class='ocrx_word' id='word_1_111' title='bbox 951 1338 1037 1398; x_wconf 89' lang='lat' dir='ltr'>prae·</span> 
     </span>
     <span class='ocr_line' id='line_1_14' title="bbox 18 1400 1037 1480; baseline 0.003 -20"><span class='ocrx_word' id='word_1_112' title='bbox 18 1401 83 1460; x_wconf 90' lang='lat' dir='ltr'>dae</span> <span class='ocrx_word' id='word_1_113' title='bbox 101 1417 229 1460; x_wconf 87' lang='lat' dir='ltr'>nascens</span> <span class='ocrx_word' id='word_1_114' title='bbox 246 1400 326 1459; x_wconf 87' lang='lat' dir='ltr'>solus</span> <span class='ocrx_word' id='word_1_115' title='bbox 346 1410 465 1478; x_wconf 87' lang='lat' dir='ltr'>praeter</span> <span class='ocrx_word' id='word_1_116' title='bbox 488 1402 666 1480; x_wconf 73' lang='lat' dir='ltr'>dasypodem</span> <span class='ocrx_word' id='word_1_117' title='bbox 686 1400 848 1480; x_wconf 82' lang='lat' dir='ltr'>superfetat</span> <span class='ocrx_word' id='word_1_118' title='bbox 872 1403 947 1463; x_wconf 91' lang='lat' dir='ltr'>aliud</span> <span class='ocrx_word' id='word_1_119' title='bbox 968 1403 1037 1463; x_wconf 89' lang='lat' dir='ltr'>edu·</span> 
     </span>
     <span class='ocr_line' id='line_1_15' title="bbox 20 1484 1037 1564; baseline 0.002 -20"><span class='ocrx_word' id='word_1_120' title='bbox 20 1500 119 1559; x_wconf 85' lang='lat' dir='ltr'>cans,</span> <span class='ocrx_word' id='word_1_121' title='bbox 139 1484 216 1544; x_wconf 88' lang='lat' dir='ltr'>aliud</span> <span class='ocrx_word' id='word_1_122' title='bbox 231 1485 258 1542; x_wconf 91' lang='lat' dir='ltr'>in</span> <span class='ocrx_word' id='word_1_123' title='bbox 281 1493 364 1543; x_wconf 90' lang='lat' dir='ltr'>utero</span> <span class='ocrx_word' id='word_1_124' title='bbox 382 1485 450 1564; x_wconf 92' lang='lat' dir='ltr'>pilis</span> <span class='ocrx_word' id='word_1_125' title='bbox 465 1487 617 1562; x_wconf 85' lang='lat' dir='ltr'>vestitum,</span> <span class='ocrx_word' id='word_1_126' title='bbox 640 1487 716 1546; x_wconf 87' lang='lat' dir='ltr'>aliud</span> <span class='ocrx_word' id='word_1_127' title='bbox 733 1486 875 1564; x_wconf 90' lang='lat' dir='ltr'>inplume,</span> <span class='ocrx_word' id='word_1_128' title='bbox 898 1487 974 1547; x_wconf 90' lang='lat' dir='ltr'>aliud</span> <span class='ocrx_word' id='word_1_129' title='bbox 996 1490 1037 1546; x_wconf 93' lang='lat' dir='ltr'>in-</span> 
     </span>
     <span class='ocr_line' id='line_1_16' title="bbox 6 1567 1036 1648; baseline 0.005 -23"><span class='ocrx_word' id='word_1_130' title='bbox 6 1568 166 1627; x_wconf 87' lang='lat' dir='ltr'>.choatum</span> <span class='ocrx_word' id='word_1_131' title='bbox 181 1581 292 1647; x_wconf 34' lang='lat' dir='ltr'>gerens,</span> <span class='ocrx_word' id='word_1_132' title='bbox 303 1569 422 1647; x_wconf 90' lang='lat' dir='ltr'>pariter.</span> <span class='ocrx_word' id='word_1_133' title='bbox 455 1567 519 1629; x_wconf 89' lang='lat' dir='ltr'>Nec</span> <span class='ocrx_word' id='word_1_134' title='bbox 536 1587 592 1629; x_wconf 92' lang='lat' dir='ltr'>nou</span> <span class='ocrx_word' id='word_1_135' title='bbox 615 1579 644 1629; x_wconf 91' lang='lat' dir='ltr'>et</span> <span class='ocrx_word' id='word_1_136' title='bbox 659 1572 750 1628; x_wconf 85' lang='lat' dir='ltr'>vestis</span> <span class='ocrx_word' id='word_1_137' title='bbox 766 1570 901 1648; x_wconf 91' lang='lat' dir='ltr'>leporino</span> <span class='ocrx_word' id='word_1_138' title='bbox 917 1570 978 1648; x_wconf 91' lang='lat' dir='ltr'>pilo</span> <span class='ocrx_word' id='word_1_139' title='bbox 993 1571 1036 1630; x_wconf 87' lang='lat' dir='ltr'>ia·</span> 
     </span>
     <span class='ocr_line' id='line_1_17' title="bbox 21 1654 1037 1733; baseline 0.001 -22"><span class='ocrx_word' id='word_1_140' title='bbox 21 1669 101 1711; x_wconf 89' lang='lat' dir='ltr'>cere</span> <span class='ocrx_word' id='word_1_141' title='bbox 114 1659 281 1730; x_wconf 86' lang='lat' dir='ltr'>temptatum</span> <span class='ocrx_word' id='word_1_142' title='bbox 295 1660 349 1726; x_wconf 87' lang='lat' dir='ltr'>est,</span> <span class='ocrx_word' id='word_1_143' title='bbox 357 1661 434 1711; x_wconf 91' lang='lat' dir='ltr'>tactu</span> <span class='ocrx_word' id='word_1_144' title='bbox 443 1669 500 1712; x_wconf 92' lang='lat' dir='ltr'>non</span> <span class='ocrx_word' id='word_1_145' title='bbox 511 1655 630 1731; x_wconf 87' lang='lat' dir='ltr'>perinde</span> <span class='ocrx_word' id='word_1_146' title='bbox 642 1654 732 1729; x_wconf 91' lang='lat' dir='ltr'>molli,</span> <span class='ocrx_word' id='word_1_147' title='bbox 744 1663 774 1712; x_wconf 93' lang='lat' dir='ltr'>ut</span> <span class='ocrx_word' id='word_1_148' title='bbox 786 1655 814 1713; x_wconf 92' lang='lat' dir='ltr'>in</span> <span class='ocrx_word' id='word_1_149' title='bbox 827 1663 903 1730; x_wconf 88' lang='lat' dir='ltr'>cute,</span> <span class='ocrx_word' id='word_1_150' title='bbox 914 1664 1037 1733; x_wconf 91' lang='lat' dir='ltr'>propter</span> 
     </span>
     <span class='ocr_line' id='line_1_18' title="bbox 21 1735 1079 1817; baseline 0.006 -23"><span class='ocrx_word' id='word_1_151' title='bbox 21 1735 204 1794; x_wconf 89' lang='lat' dir='ltr'>brevitatem</span> <span class='ocrx_word' id='word_1_152' title='bbox 228 1736 277 1813; x_wconf 91' lang='lat' dir='ltr'>pili</span> <span class='ocrx_word' id='word_1_153' title='bbox 299 1735 449 1796; x_wconf 87' lang='lat' dir='ltr'>dilabidas.</span> <span class='ocrx_word' id='word_1_154' title='bbox 493 1739 542 1798; x_wconf 87' lang='lat'>56.</span> <span class='ocrx_word' id='word_1_155' title='bbox 569 1737 652 1817; x_wconf 80' lang='lat'>(82.)</span> <span class='ocrx_word' id='word_1_156' title='bbox 681 1739 709 1798; x_wconf 89' lang='lat' dir='ltr'>hi</span> <span class='ocrx_word' id='word_1_157' title='bbox 725 1747 927 1798; x_wconf 90' lang='lat' dir='ltr'>mansuescunt</span> <span class='ocrx_word' id='word_1_158' title='bbox 942 1747 1079 1812; x_wconf 58' lang='lat' dir='ltr'>ruratio</span> 
     </span>
     <span class='ocr_line' id='line_1_19' title="bbox 22 1819 1036 1902; baseline 0.001 -23"><span class='ocrx_word' id='word_1_159' title='bbox 22 1837 95 1879; x_wconf 92' lang='lat' dir='ltr'>curn</span> <span class='ocrx_word' id='word_1_160' title='bbox 116 1819 176 1877; x_wconf 85' lang='lat' dir='ltr'>ieri</span> <span class='ocrx_word' id='word_1_161' title='bbox 201 1819 257 1879; x_wconf 86' lang='lat' dir='ltr'>dici</span> <span class='ocrx_word' id='word_1_162' title='bbox 272 1821 335 1879; x_wconf 88' lang='lat' dir='ltr'>iure</span> <span class='ocrx_word' id='word_1_163' title='bbox 356 1823 563 1899; x_wconf 90' lang='lat' dir='ltr'>nonpossint,</span> <span class='ocrx_word' id='word_1_164' title='bbox 586 1822 726 1900; x_wconf 81' lang='lat' dir='ltr'>conplura</span> <span class='ocrx_word' id='word_1_165' title='bbox 747 1839 870 1899; x_wconf 87' lang='lat' dir='ltr'>namque</span> <span class='ocrx_word' id='word_1_166' title='bbox 891 1831 956 1902; x_wconf 85' lang='lat' dir='ltr'>sunt</span> <span class='ocrx_word' id='word_1_167' title='bbox 980 1839 1036 1880; x_wconf 89' lang='lat' dir='ltr'>nec</span> 
     </span>
     <span class='ocr_line' id='line_1_20' title="bbox 22 1901 1089 1985; baseline 0.001 -23"><span class='ocrx_word' id='word_1_168' title='bbox 22 1901 147 1984; x_wconf 87' lang='lat' dir='ltr'>placida</span> <span class='ocrx_word' id='word_1_169' title='bbox 162 1921 217 1962; x_wconf 90' lang='lat' dir='ltr'>nec</span> <span class='ocrx_word' id='word_1_170' title='bbox 232 1903 310 1978; x_wconf 86' lang='lat' dir='ltr'>iera,</span> <span class='ocrx_word' id='word_1_171' title='bbox 333 1903 385 1962; x_wconf 91' lang='lat' dir='ltr'>sed</span> <span class='ocrx_word' id='word_1_172' title='bbox 408 1905 520 1964; x_wconf 89' lang='lat' dir='ltr'>mediae</span> <span class='ocrx_word' id='word_1_173' title='bbox 542 1907 616 1965; x_wconf 89' lang='lat' dir='ltr'>inter</span> <span class='ocrx_word' id='word_1_174' title='bbox 633 1915 784 1985; x_wconf 91' lang='lat' dir='ltr'>utrumque</span> <span class='ocrx_word' id='word_1_175' title='bbox 800 1913 937 1983; x_wconf 87' lang='lat' dir='ltr'>naturae,</span> <span class='ocrx_word' id='word_1_176' title='bbox 962 1913 992 1964; x_wconf 92' lang='lat' dir='ltr'>ut</span> <span class='ocrx_word' id='word_1_177' title='bbox 1007 1906 1036 1964; x_wconf 95' lang='lat' dir='ltr'>in</span> <span class='ocrx_word' id='word_1_178' title='bbox 1082 1955 1089 1964; x_wconf 91' lang='grc'><strong><em>,</em></strong></span> 
     </span>
     <span class='ocr_line' id='line_1_21' title="bbox 6 1983 782 2068; baseline 0.006 -24"><span class='ocrx_word' id='word_1_179' title='bbox 6 1983 200 2046; x_wconf 83' lang='lat' dir='ltr'>t&#39;voluoribus</span> <span class='ocrx_word' id='word_1_180' title='bbox 217 1986 394 2063; x_wconf 84' lang='lat' dir='ltr'>hirundines,</span> <span class='ocrx_word' id='word_1_181' title='bbox 411 2007 494 2068; x_wconf 87' lang='lat' dir='ltr'>apes,</span> <span class='ocrx_word' id='word_1_182' title='bbox 512 1991 541 2048; x_wconf 91' lang='lat' dir='ltr'>in</span> <span class='ocrx_word' id='word_1_183' title='bbox 558 1991 629 2048; x_wconf 86' lang='lat' dir='ltr'>muri</span> <span class='ocrx_word' id='word_1_184' title='bbox 644 1989 782 2068; x_wconf 90' lang='lat' dir='ltr'>delphini.</span> 
     </span>
    </p>

    <p class='ocr_par' dir='ltr' id='par_1_3' title="bbox 7 2069 1145 2818">
     <span class='ocr_line' id='line_1_22' title="bbox 95 2069 1075 2151; baseline 0.005 -22"><span class='ocrx_word' id='word_1_185' title='bbox 95 2071 146 2130; x_wconf 84' lang='lat'>57.</span> <span class='ocrx_word' id='word_1_186' title='bbox 165 2069 229 2143; x_wconf 83' lang='lat' dir='ltr'>Quo</span> <span class='ocrx_word' id='word_1_187' title='bbox 243 2072 392 2148; x_wconf 73' lang='lat' dir='ltr'>ingruere</span> <span class='ocrx_word' id='word_1_188' title='bbox 409 2073 488 2132; x_wconf 92' lang='lat' dir='ltr'>multi</span> <span class='ocrx_word' id='word_1_189' title='bbox 505 2082 533 2131; x_wconf 90' lang='lat' dir='ltr'>et</span> <span class='ocrx_word' id='word_1_190' title='bbox 545 2071 598 2132; x_wconf 90' lang='lat' dir='ltr'>hos</span> <span class='ocrx_word' id='word_1_191' title='bbox 614 2073 726 2132; x_wconf 89' lang='lat' dir='ltr'>incolas</span> <span class='ocrx_word' id='word_1_192' title='bbox 741 2073 873 2132; x_wconf 87' lang='lat' dir='ltr'>domuum</span> <span class='ocrx_word' id='word_1_193' title='bbox 889 2091 1017 2151; x_wconf 89' lang='lat' dir='ltr'>posuere</span> <span class='ocrx_word' id='word_1_194' title='bbox 1026 2077 1075 2136; x_wconf 73' lang='lat' dir='ltr'>ait</span> 
     </span>
     <span class='ocr_line' id='line_1_23' title="bbox 23 2153 1033 2234; baseline -0.002 -20"><span class='ocrx_word' id='word_1_195' title='bbox 23 2155 136 2229; x_wconf 87' lang='lat' dir='ltr'>muris,</span> <span class='ocrx_word' id='word_1_196' title='bbox 164 2153 232 2214; x_wconf 91' lang='lat' dir='ltr'>haut</span> <span class='ocrx_word' id='word_1_197' title='bbox 255 2156 448 2232; x_wconf 90' lang='lat' dir='ltr'>spernendum</span> <span class='ocrx_word' id='word_1_198' title='bbox 468 2158 496 2213; x_wconf 95' lang='lat' dir='ltr'>in</span> <span class='ocrx_word' id='word_1_199' title='bbox 520 2156 643 2214; x_wconf 88' lang='lat' dir='ltr'>ostentis</span> <span class='ocrx_word' id='word_1_200' title='bbox 664 2158 749 2215; x_wconf 89' lang='lat' dir='ltr'>etiam</span> <span class='ocrx_word' id='word_1_201' title='bbox 773 2156 899 2234; x_wconf 92' lang='lat' dir='ltr'>publicis</span> <span class='ocrx_word' id='word_1_202' title='bbox 921 2157 1033 2216; x_wconf 89' lang='lat' dir='ltr'>animal.</span> 
     </span>
     <span class='ocr_line' id='line_1_24' title="bbox 24 2235 1034 2316; baseline 0 -18"><span class='ocrx_word' id='word_1_203' title='bbox 24 2239 144 2298; x_wconf 81' lang='lat' dir='ltr'>adrosis</span> <span class='ocrx_word' id='word_1_204' title='bbox 165 2235 270 2298; x_wconf 85' lang='lat' dir='ltr'>Lanuvi</span> <span class='ocrx_word' id='word_1_205' title='bbox 292 2237 394 2316; x_wconf 79' lang='lat' dir='ltr'>clipeis</span> <span class='ocrx_word' id='word_1_206' title='bbox 422 2240 569 2314; x_wconf 75' lang='lat' dir='ltr'>argenteis</span> <span class='ocrx_word' id='word_1_207' title='bbox 593 2237 745 2297; x_wconf 84' lang='lat' dir='ltr'>Marsicum</span> <span class='ocrx_word' id='word_1_208' title='bbox 768 2238 945 2316; x_wconf 84' lang='lat' dir='ltr'>portendere</span> <span class='ocrx_word' id='word_1_209' title='bbox 972 2238 1034 2298; x_wconf 92' lang='lat' dir='ltr'>bel·</span> 
     </span>
     <span class='ocr_line' id='line_1_25' title="bbox 25 2317 1032 2401; baseline -0.001 -19"><span class='ocrx_word' id='word_1_210' title='bbox 25 2323 98 2396; x_wconf 87' lang='lat' dir='ltr'>ium,</span> <span class='ocrx_word' id='word_1_211' title='bbox 116 2317 243 2380; x_wconf 80' lang='lat' dir='ltr'>Carboni</span> <span class='ocrx_word' id='word_1_212' title='bbox 264 2323 431 2400; x_wconf 88' lang='lat' dir='ltr'>imperatori</span> <span class='ocrx_word' id='word_1_213' title='bbox 448 2321 523 2400; x_wconf 89' lang='lat' dir='ltr'>apud</span> <span class='ocrx_word' id='word_1_214' title='bbox 537 2319 664 2380; x_wconf 80' lang='lat' dir='ltr'>Clusium</span> <span class='ocrx_word' id='word_1_215' title='bbox 685 2320 784 2381; x_wconf 78' lang='lat' dir='ltr'>fasciis</span> <span class='ocrx_word' id='word_1_216' title='bbox 808 2321 912 2401; x_wconf 87' lang='lat' dir='ltr'>quihus</span> <span class='ocrx_word' id='word_1_217' title='bbox 929 2324 957 2380; x_wconf 95' lang='lat' dir='ltr'>in</span> <span class='ocrx_word' id='word_1_218' title='bbox 973 2321 1032 2382; x_wconf 83' lang='lat' dir='ltr'>cal·</span> 
     </span>
     <span class='ocr_line' id='line_1_26' title="bbox 7 2401 1145 2483; baseline -0.002 -17"><span class='ocrx_word' id='word_1_219' title='bbox 7 2407 107 2466; x_wconf 81' lang='lat' dir='ltr'>sciatu</span> <span class='ocrx_word' id='word_1_220' title='bbox 125 2406 257 2465; x_wconf 91' lang='lat' dir='ltr'>utebatur</span> <span class='ocrx_word' id='word_1_221' title='bbox 272 2407 398 2465; x_wconf 82' lang='lat' dir='ltr'>exitium.</span> <span class='ocrx_word' id='word_1_222' title='bbox 427 2405 509 2483; x_wconf 83' lang='lat' dir='ltr'>plura</span> <span class='ocrx_word' id='word_1_223' title='bbox 525 2421 625 2464; x_wconf 93' lang='lat' dir='ltr'>eorum</span> <span class='ocrx_word' id='word_1_224' title='bbox 640 2410 749 2482; x_wconf 77' lang='lat' dir='ltr'>genera</span> <span class='ocrx_word' id='word_1_225' title='bbox 768 2405 795 2464; x_wconf 93' lang='lat' dir='ltr'>in</span> <span class='ocrx_word' id='word_1_226' title='bbox 811 2401 972 2480; x_wconf 75' lang='lat' dir='ltr'>Cyrenaica</span> <span class='ocrx_word' id='word_1_227' title='bbox 986 2423 1032 2464; x_wconf 89' lang='lat' dir='ltr'>re·</span> <span class='ocrx_word' id='word_1_228' title='bbox 1142 2427 1145 2434; x_wconf 93' lang='lat'>·</span> 
     </span>
     <span class='ocr_line' id='line_1_27' title="bbox 26 2488 1033 2568; baseline 0.002 -21"><span class='ocrx_word' id='word_1_229' title='bbox 26 2492 138 2568; x_wconf 83' lang='lat' dir='ltr'>gione,</span> <span class='ocrx_word' id='word_1_230' title='bbox 156 2490 203 2548; x_wconf 90' lang='lat' dir='ltr'>alii</span> <span class='ocrx_word' id='word_1_231' title='bbox 223 2491 277 2550; x_wconf 89' lang='lat' dir='ltr'>lata</span> <span class='ocrx_word' id='word_1_232' title='bbox 300 2490 410 2564; x_wconf 83' lang='lat' dir='ltr'>fronte,</span> <span class='ocrx_word' id='word_1_233' title='bbox 428 2488 476 2548; x_wconf 91' lang='lat' dir='ltr'>alii</span> <span class='ocrx_word' id='word_1_234' title='bbox 499 2498 599 2566; x_wconf 89' lang='lat' dir='ltr'>acuta,</span> <span class='ocrx_word' id='word_1_235' title='bbox 629 2489 676 2548; x_wconf 92' lang='lat' dir='ltr'>alii</span> <span class='ocrx_word' id='word_1_236' title='bbox 700 2491 899 2550; x_wconf 83' lang='lat' dir='ltr'>irenaceorum</span> <span class='ocrx_word' id='word_1_237' title='bbox 921 2507 1033 2566; x_wconf 85' lang='lat' dir='ltr'>genere</span> 
     </span>
     <span class='ocr_line' id='line_1_28' title="bbox 26 2571 1074 2653; baseline 0.006 -21"><span class='ocrx_word' id='word_1_238' title='bbox 26 2572 222 2653; x_wconf 82' lang='lat' dir='ltr'>pungentibus</span> <span class='ocrx_word' id='word_1_239' title='bbox 245 2574 320 2652; x_wconf 93' lang='lat' dir='ltr'>pilis.</span> <span class='ocrx_word' id='word_1_240' title='bbox 352 2571 569 2650; x_wconf 79' lang='lat' dir='ltr'>Theophrastus</span> <span class='ocrx_word' id='word_1_241' title='bbox 585 2583 686 2634; x_wconf 88' lang='lat' dir='ltr'>auctor</span> <span class='ocrx_word' id='word_1_242' title='bbox 701 2583 746 2633; x_wconf 92' lang='lat' dir='ltr'>est</span> <span class='ocrx_word' id='word_1_243' title='bbox 767 2575 795 2632; x_wconf 93' lang='lat' dir='ltr'>in</span> <span class='ocrx_word' id='word_1_244' title='bbox 814 2572 1074 2647; x_wconf 70' lang='lat' dir='ltr'>(tramissurum</span> 
     </span>
     <span class='ocr_line' id='line_1_29' title="bbox 28 2657 1080 2737; baseline 0.002 -20"><span class='ocrx_word' id='word_1_245' title='bbox 28 2673 95 2717; x_wconf 88' lang='lat' dir='ltr'>cum</span> <span class='ocrx_word' id='word_1_246' title='bbox 110 2658 219 2717; x_wconf 87' lang='lat' dir='ltr'>incolas</span> <span class='ocrx_word' id='word_1_247' title='bbox 235 2658 412 2734; x_wconf 80' lang='lat' dir='ltr'>fugaverint,</span> <span class='ocrx_word' id='word_1_248' title='bbox 429 2657 536 2717; x_wconf 81' lang='lat' dir='ltr'>ferrum</span> <span class='ocrx_word' id='word_1_249' title='bbox 553 2674 670 2737; x_wconf 89' lang='lat' dir='ltr'>quoque</span> <span class='ocrx_word' id='word_1_250' title='bbox 685 2660 797 2717; x_wconf 92' lang='lat' dir='ltr'>rosisse</span> <span class='ocrx_word' id='word_1_251' title='bbox 817 2673 886 2732; x_wconf 90' lang='lat' dir='ltr'>eos,</span> <span class='ocrx_word' id='word_1_252' title='bbox 909 2658 938 2717; x_wconf 92' lang='lat' dir='ltr'>id</span> <span class='ocrx_word' id='word_1_253' title='bbox 955 2660 1031 2736; x_wconf 88' lang='lat' dir='ltr'>quod</span> <span class='ocrx_word' id='word_1_254' title='bbox 1077 2667 1080 2674; x_wconf 92' lang='lat'>&#39;</span> 
     </span>
     <span class='ocr_line' id='line_1_30' title="bbox 27 2738 1089 2818; baseline 0 -18"><span class='ocrx_word' id='word_1_255' title='bbox 27 2749 130 2800; x_wconf 88' lang='lat' dir='ltr'>natura</span> <span class='ocrx_word' id='word_1_256' title='bbox 154 2739 272 2818; x_wconf 85' lang='lat' dir='ltr'>quadam</span> <span class='ocrx_word' id='word_1_257' title='bbox 297 2751 326 2800; x_wconf 91' lang='lat' dir='ltr'>et</span> <span class='ocrx_word' id='word_1_258' title='bbox 342 2742 377 2801; x_wconf 93' lang='lat' dir='ltr'>ad</span> <span class='ocrx_word' id='word_1_259' title='bbox 400 2738 544 2818; x_wconf 72' lang='lat' dir='ltr'>Chalybas</span> <span class='ocrx_word' id='word_1_260' title='bbox 562 2742 664 2804; x_wconf 85' lang='lat' dir='ltr'>iacere</span> <span class='ocrx_word' id='word_1_261' title='bbox 688 2744 716 2801; x_wconf 93' lang='lat' dir='ltr'>ln</span> <span class='ocrx_word' id='word_1_262' title='bbox 742 2741 871 2802; x_wconf 82' lang='lat' dir='ltr'>ferrariis</span> <span class='ocrx_word' id='word_1_263' title='bbox 896 2742 1030 2802; x_wconf 86' lang='lat' dir='ltr'>cilicinis.</span> <span class='ocrx_word' id='word_1_264' title='bbox 1086 2771 1089 2777; x_wconf 57' lang='lat'>2</span> 
     </span>
    </p>

    <p class='ocr_par' dir='ltr' id='par_1_4' title="bbox 7 2825 1130 3241">
     <span class='ocr_line' id='line_1_31' title="bbox 7 2825 1079 2907; baseline 0 -23"><span class='ocrx_word' id='word_1_265' title='bbox 7 2825 150 2885; x_wconf 78' lang='lat' dir='ltr'>taurania</span> <span class='ocrx_word' id='word_1_266' title='bbox 165 2827 278 2903; x_wconf 87' lang='lat' dir='ltr'>quidem</span> <span class='ocrx_word' id='word_1_267' title='bbox 296 2827 323 2883; x_wconf 93' lang='lat' dir='ltr'>in</span> <span class='ocrx_word' id='word_1_268' title='bbox 339 2826 462 2886; x_wconf 80' lang='lat' dir='ltr'>metallis</span> <span class='ocrx_word' id='word_1_269' title='bbox 487 2825 525 2885; x_wconf 93' lang='lat' dir='ltr'>ob</span> <span class='ocrx_word' id='word_1_270' title='bbox 539 2826 596 2884; x_wconf 94' lang='lat' dir='ltr'>hoc</span> <span class='ocrx_word' id='word_1_271' title='bbox 620 2827 702 2885; x_wconf 89' lang='lat' dir='ltr'>alvos</span> <span class='ocrx_word' id='word_1_272' title='bbox 724 2843 823 2886; x_wconf 88' lang='lat' dir='ltr'>eorum</span> <span class='ocrx_word' id='word_1_273' title='bbox 845 2826 942 2907; x_wconf 84' lang='lat' dir='ltr'>excidi</span> <span class='ocrx_word' id='word_1_274' title='bbox 958 2840 1031 2884; x_wconf 89' lang='lat' dir='ltr'>sem·</span> <span class='ocrx_word' id='word_1_275' title='bbox 1077 2861 1079 2884; x_wconf 82' lang='lat'>1</span> 
     </span>
     <span class='ocr_line' id='line_1_32' title="bbox 27 2905 1127 2988; baseline -0.002 -20"><span class='ocrx_word' id='word_1_276' title='bbox 27 2926 141 2988; x_wconf 87' lang='lat' dir='ltr'>perque</span> <span class='ocrx_word' id='word_1_277' title='bbox 155 2905 259 2968; x_wconf 85' lang='lat' dir='ltr'>lurtum</span> <span class='ocrx_word' id='word_1_278' title='bbox 275 2909 302 2968; x_wconf 94' lang='lat' dir='ltr'>id</span> <span class='ocrx_word' id='word_1_279' title='bbox 315 2908 493 2987; x_wconf 83' lang='lat' dir='ltr'>deprehendi</span> <span class='ocrx_word' id='word_1_280' title='bbox 508 2917 612 2970; x_wconf 85' lang='lat' dir='ltr'>tautam</span> <span class='ocrx_word' id='word_1_281' title='bbox 628 2927 695 2969; x_wconf 88' lang='lat' dir='ltr'>esse</span> <span class='ocrx_word' id='word_1_282' title='bbox 709 2909 893 2970; x_wconf 87' lang='lat' dir='ltr'>dulcedinem</span> <span class='ocrx_word' id='word_1_283' title='bbox 909 2907 1029 2967; x_wconf 89' lang='lat' dir='ltr'>iurandi.</span> <span class='ocrx_word' id='word_1_284' title='bbox 1124 2932 1127 2940; x_wconf 57' lang='lat'><strong><em>¹</em></strong></span> 
     </span>
     <span class='ocr_line' id='line_1_33' title="bbox 26 2991 1130 3066; baseline -0.002 -14"><span class='ocrx_word' id='word_1_285' title='bbox 26 2994 153 3052; x_wconf 87' lang='lat' dir='ltr'>Venisse</span> <span class='ocrx_word' id='word_1_286' title='bbox 173 3009 281 3051; x_wconf 87' lang='lat' dir='ltr'>murem</span> <span class='ocrx_word' id='word_1_287' title='bbox 299 3005 341 3052; x_wconf 81' lang='lat' dir='ltr'>cc</span> <span class='ocrx_word' id='word_1_288' title='bbox 362 2991 486 3052; x_wconf 86' lang='lat' dir='ltr'>dena‘riis</span> <span class='ocrx_word' id='word_1_289' title='bbox 510 2991 667 3053; x_wconf 80' lang='lat' dir='ltr'>Casilinum</span> <span class='ocrx_word' id='word_1_290' title='bbox 689 2993 842 3054; x_wconf 88' lang='lat' dir='ltr'>obsidento</span> <span class='ocrx_word' id='word_1_291' title='bbox 858 2991 1028 3066; x_wconf 85' lang='lat' dir='ltr'>Hannibale,</span> <span class='ocrx_word' id='word_1_292' title='bbox 1128 3054 1130 3058; x_wconf 67' lang='grc'>,</span> 
     </span>
     <span class='ocr_line' id='line_1_34' title="bbox 29 3076 1028 3160; baseline -0.006 -22"><span class='ocrx_word' id='word_1_293' title='bbox 29 3093 152 3154; x_wconf 89' lang='lat' dir='ltr'>eumque</span> <span class='ocrx_word' id='word_1_294' title='bbox 167 3077 215 3154; x_wconf 81' lang='lat' dir='ltr'>qui</span> <span class='ocrx_word' id='word_1_295' title='bbox 223 3076 392 3136; x_wconf 88' lang='lat' dir='ltr'>vendiderat</span> <span class='ocrx_word' id='word_1_296' title='bbox 410 3078 484 3137; x_wconf 83' lang='lat' dir='ltr'>fame</span> <span class='ocrx_word' id='word_1_297' title='bbox 497 3079 654 3153; x_wconf 88' lang='lat' dir='ltr'>interiisse,</span> <span class='ocrx_word' id='word_1_298' title='bbox 673 3087 833 3160; x_wconf 82' lang='lat' dir='ltr'>emptorem</span> <span class='ocrx_word' id='word_1_299' title='bbox 847 3077 967 3150; x_wconf 87' lang='lat' dir='ltr'>vixisse,</span> <span class='ocrx_word' id='word_1_300' title='bbox 981 3092 1028 3133; x_wconf 90' lang='lat' dir='ltr'>an-</span> 
     </span>
     <span class='ocr_line' id='line_1_35' title="bbox 28 3157 1076 3241; baseline -0.001 -20"><span class='ocrx_word' id='word_1_301' title='bbox 28 3162 111 3221; x_wconf 88' lang='lat' dir='ltr'>nales</span> <span class='ocrx_word' id='word_1_302' title='bbox 127 3160 246 3220; x_wconf 83' lang='lat' dir='ltr'>tradunt.</span> <span class='ocrx_word' id='word_1_303' title='bbox 267 3157 338 3220; x_wconf 78' lang='lat' dir='ltr'>Cum</span> <span class='ocrx_word' id='word_1_304' title='bbox 356 3160 469 3221; x_wconf 88' lang='lat' dir='ltr'>candidi</span> <span class='ocrx_word' id='word_1_305' title='bbox 483 3178 660 3241; x_wconf 80' lang='lat' dir='ltr'>provenere,</span> <span class='ocrx_word' id='word_1_306' title='bbox 674 3162 780 3223; x_wconf 90' lang='lat' dir='ltr'>laetum</span> <span class='ocrx_word' id='word_1_307' title='bbox 795 3161 902 3223; x_wconf 87' lang='lat' dir='ltr'>faciunt</span> <span class='ocrx_word' id='word_1_308' title='bbox 914 3169 1010 3219; x_wconf 86' lang='lat' dir='ltr'>osten·</span> <span class='ocrx_word' id='word_1_309' title='bbox 1020 3162 1076 3220; x_wconf 61' lang='grc' dir='ltr'>Ὧδ’</span> 
     </span>
    </p>

    <p class='ocr_par' dir='ltr' id='par_1_5' title="bbox 8 3243 1030 3327">
     <span class='ocr_line' id='line_1_36' title="bbox 8 3243 1030 3327; baseline -0.007 -20"><span class='ocrx_word' id='word_1_310' title='bbox 8 3255 97 3307; x_wconf 79' lang='lat' dir='ltr'>utum.</span> <span class='ocrx_word' id='word_1_311' title='bbox 136 3261 198 3304; x_wconf 92' lang='lat' dir='ltr'>nam</span> <span class='ocrx_word' id='word_1_312' title='bbox 220 3247 348 3304; x_wconf 90' lang='lat' dir='ltr'>soricum</span> <span class='ocrx_word' id='word_1_313' title='bbox 366 3254 489 3305; x_wconf 89' lang='lat' dir='ltr'>occentu</span> <span class='ocrx_word' id='word_1_314' title='bbox 511 3244 603 3304; x_wconf 90' lang='lat' dir='ltr'>dirimi</span> <span class='ocrx_word' id='word_1_315' title='bbox 626 3247 754 3327; x_wconf 87' lang='lat' dir='ltr'>auspicia</span> <span class='ocrx_word' id='word_1_316' title='bbox 771 3246 881 3306; x_wconf 89' lang='lat' dir='ltr'>annalis</span> <span class='ocrx_word' id='word_1_317' title='bbox 903 3243 1030 3302; x_wconf 78' lang='lat' dir='ltr'>refertos</span> 
     </span>
    </p>

    <p class='ocr_par' dir='ltr' id='par_1_6' title="bbox 31 3327 1029 3408">
     <span class='ocr_line' id='line_1_37' title="bbox 31 3327 1029 3408; baseline -0.005 -19"><span class='ocrx_word' id='word_1_318' title='bbox 31 3328 178 3389; x_wconf 82' lang='lat' dir='ltr'>babemus.</span> <span class='ocrx_word' id='word_1_319' title='bbox 208 3329 328 3388; x_wconf 84' lang='lat' dir='ltr'>Sericas</span> <span class='ocrx_word' id='word_1_320' title='bbox 344 3335 373 3390; x_wconf 90' lang='lat' dir='ltr'>et</span> <span class='ocrx_word' id='word_1_321' title='bbox 388 3332 469 3408; x_wconf 89' lang='lat' dir='ltr'>ipsos</span> <span class='ocrx_word' id='word_1_322' title='bbox 489 3329 584 3389; x_wconf 89' lang='lat' dir='ltr'>hieme</span> <span class='ocrx_word' id='word_1_323' title='bbox 603 3331 688 3390; x_wconf 90' lang='lat' dir='ltr'>condi</span> <span class='ocrx_word' id='word_1_324' title='bbox 709 3340 810 3392; x_wconf 90' lang='lat' dir='ltr'>auctor</span> <span class='ocrx_word' id='word_1_325' title='bbox 824 3338 869 3388; x_wconf 92' lang='lat' dir='ltr'>est</span> <span class='ocrx_word' id='word_1_326' title='bbox 885 3327 1029 3402; x_wconf 81' lang='lat' dir='ltr'>Nigidius,</span> 
     </span>
    </p>

    <p class='ocr_par' dir='ltr' id='par_1_7' title="bbox 33 3407 1043 3496">
     <span class='ocr_line' id='line_1_38' title="bbox 33 3407 1043 3496; baseline -0.007 -22"><span class='ocrx_word' id='word_1_327' title='bbox 33 3416 104 3474; x_wconf 88' lang='lat' dir='ltr'>sicut</span> <span class='ocrx_word' id='word_1_328' title='bbox 118 3413 223 3490; x_wconf 81' lang='lat' dir='ltr'>glires,</span> <span class='ocrx_word' id='word_1_329' title='bbox 240 3427 313 3490; x_wconf 86' lang='lat' dir='ltr'>quos</span> <span class='ocrx_word' id='word_1_330' title='bbox 339 3407 491 3473; x_wconf 86' lang='lat' dir='ltr'>censoriae</span> <span class='ocrx_word' id='word_1_331' title='bbox 513 3414 596 3490; x_wconf 85' lang='lat' dir='ltr'>leges</span> <span class='ocrx_word' id='word_1_332' title='bbox 622 3415 817 3494; x_wconf 86' lang='lat' dir='ltr'>princepsque</span> <span class='ocrx_word' id='word_1_333' title='bbox 838 3409 876 3470; x_wconf 90' lang='lat' dir='ltr'>bl.</span> <span class='ocrx_word' id='word_1_334' title='bbox 895 3411 1043 3496; x_wconf 64' lang='lat' dir='ltr'>Scaurus.</span> 
     </span>
    </p>

    <p class='ocr_par' dir='ltr' id='par_1_8' title="bbox 33 3494 1025 3640">
     <span class='ocr_line' id='line_1_39' title="bbox 33 3494 1025 3640; baseline -0.002 -84"><span class='ocrx_word' id='word_1_335' title='bbox 33 3499 60 3558; x_wconf 91' lang='lat' dir='ltr'>in</span> <span class='ocrx_word' id='word_1_336' title='bbox 79 3495 226 3558; x_wconf 80' lang='lat' dir='ltr'>consolatu</span> <span class='ocrx_word' id='word_1_337' title='bbox 249 3512 307 3557; x_wconf 92' lang='lat' dir='ltr'>non</span> <span class='ocrx_word' id='word_1_338' title='bbox 328 3497 386 3558; x_wconf 88' lang='lat' dir='ltr'>alio</span> <span class='ocrx_word' id='word_1_339' title='bbox 407 3497 494 3558; x_wconf 92' lang='lat' dir='ltr'>modo</span> <span class='ocrx_word' id='word_1_340' title='bbox 508 3499 592 3558; x_wconf 91' lang='lat' dir='ltr'>cenis</span> <span class='ocrx_word' id='word_1_341' title='bbox 611 3499 745 3558; x_wconf 86' lang='lat' dir='ltr'>ademere</span> <span class='ocrx_word' id='word_1_342' title='bbox 767 3513 850 3640; x_wconf 63' lang='lat' dir='ltr'>quapn</span> <span class='ocrx_word' id='word_1_343' title='bbox 872 3494 1025 3570; x_wconf 73' lang='lat' dir='ltr'>conchylia</span> 
     </span>
     <span class='ocr_line' id='line_1_40' title="bbox 845 3583 860 3614; baseline 0 -9"><span class='ocrx_word' id='word_1_344' title='bbox 845 3583 860 3614; x_wconf 64' lang='grc' dir='ltr'>ῃ</span> 
     </span>
    </p>
   </div>
   <div class='ocr_carea' id='block_1_3' title="bbox 0 0 1262 3908">
    <p class='ocr_par' dir='ltr' id='par_1_9' title="bbox 0 0 1262 3908">
     <span class='ocr_line' id='line_1_41' title="bbox 0 0 1262 3908; baseline 0 0"><span class='ocrx_word' id='word_1_345' title='bbox 0 0 1262 3908; x_wconf 95' lang='lat' dir='ltr'> </span> 
     </span>
    </p>
   </div>
  </div>
 </body>
</html>
