2444 3910
143 167 181 228 10
487 176 517 224 c
534 175 629 226 emm
645 172 795 224 sscuunu

139 333 239 412 Scipio
263 331 416 392 Africanus
439 331 519 409 prior
540 339 623 390 natus
644 331 810 408 primusque
832 325 990 388 Caesarum
1015 346 1033 387 a
1057 347 1160 390 caeso

141 419 239 476 matris
254 425 337 476 utero
352 393 462 489 dictus,
480 432 536 492 qua
552 413 588 474 de
605 431 692 474 causa
709 422 738 472 et
756 411 906 472 Caesones
924 412 1079 491 appellati.
1113 415 1158 472 si·

140 501 199 562 mili
220 500 305 560 modo
326 509 409 560 natus
432 508 461 558 et
478 497 611 558 Manilius
632 499 680 575 qui
705 495 909 573 Carthaginem
931 515 995 556 cum
1013 499 1158 559 exercitu

140 585 262 644 intravit.

205 668 252 728 to.
270 665 333 746 (8.)
353 665 500 744 Vopiscus
515 665 702 744 appellabant
714 683 730 724 e
744 666 867 741 geminis
880 666 928 744 qui
944 667 1051 726 retenti
1065 675 1183 736 uteros

140 761 329 814 nascerentur
350 749 444 824 altero
467 750 639 828 interempto
656 749 768 810 abortu.
799 767 922 827 namque
938 765 1074 810 maxuma
1098 751 1157 810 etsi

140 855 205 898 rara
224 838 303 896 circa
318 835 374 898 lroc
391 833 529 897 miracula
544 835 694 896 exsistunt.

97 931 131 986 48
209 922 257 981 11.
288 919 352 998 (9¹.)
383 917 503 978 Praeter
523 917 675 978 mulierem
698 935 791 995 pauca
813 918 946 978 animalia
967 918 1079 978 coitum
1103 935 1157 978 no

138 1023 209 1066 vere
230 1003 366 1082 gravida,
389 1021 474 1064 uuum
496 1002 610 1081 quidem
633 1003 747 1062 omniuo
766 1010 814 1062 aut
832 1003 956 1062 alterum
972 1002 1154 1080 superietet.

139 1097 234 1149 exstat
249 1089 277 1146 iu
292 1087 472 1146 monimentis
489 1096 518 1146 et
534 1087 711 1147 medicorum
729 1093 759 1145 et
775 1086 879 1164 quibus
894 1087 964 1149 talia
979 1087 1157 1148 consectari
1168 1107 1196 1148 m

140 1189 228 1233 curae
251 1172 303 1230 fuit
321 1188 378 1232 uno
399 1169 502 1231 abortu
523 1170 676 1231 duodecim
697 1171 854 1250 puerperia
876 1179 1003 1248 egesta.
1029 1170 1086 1230 sed
1107 1169 1158 1228 uli

98 1255 286 1336 paululum
308 1257 458 1352 temporis·
464 1257 538 1314 iuter
560 1255 634 1339 duos
655 1263 818 1332 conceptus
834 1256 1019 1329 intercessit,
1043 1264 1159 1314 utrum-

97 1343 199 1420 leque
219 1340 381 1419 perfertur,
401 1347 430 1398 ut
451 1341 479 1398 iu
493 1323 620 1402 Hercule
638 1347 668 1398 et
687 1339 801 1418 Iphicle
822 1339 913 1402 fratre
936 1340 1000 1400 eius
1017 1338 1160 1417 adparuit

141 1434 170 1487 et
185 1427 214 1484 iu
235 1442 270 1482 ec
287 1442 361 1503 quae
376 1424 491 1500 gemino
509 1432 593 1501 partu
610 1423 731 1484 alterum
746 1426 848 1484 marito
872 1423 993 1484 similem
1013 1423 1161 1484 alterum-

141 1528 196 1588 que
216 1507 347 1569 adultero
363 1509 479 1584 genuit,
501 1509 568 1568 item
589 1509 618 1566 iu
639 1507 835 1568 Proconnesia
852 1507 957 1568 ancilla
973 1525 1052 1586 quae
1078 1509 1196 1570 eius-m

142 1594 207 1653 dem
227 1591 284 1650 diei
307 1593 384 1653 coitu
400 1591 521 1652 alterum
543 1592 658 1652 domino
681 1591 802 1652 similem
820 1592 942 1654 alterium
966 1589 1162 1670 procuratori

142 1677 216 1752 etus,
233 1685 261 1736 et
276 1677 305 1734 iu
319 1676 374 1736 alia
391 1693 466 1755 quae
483 1692 568 1736 uuum
582 1678 657 1736 iusto
674 1685 772 1754 partu,
790 1678 915 1754 quinque
930 1693 1063 1736 mensum
1078 1675 1162 1736 ¹ulte·-

137 1778 203 1838 ¹rum
224 1759 327 1835 edidit,
351 1777 450 1820 rursus
472 1761 500 1818 iu
520 1760 577 1820 alia
595 1777 668 1838 quae
685 1768 800 1838 septem
820 1779 948 1822 mensum
967 1759 1047 1820 edito
1066 1777 1161 1838 puer-

142 1844 224 1924 perio
240 1844 378 1903 insecutis
392 1843 541 1904 mensibus
557 1845 688 1922 geminos
704 1845 788 1906 enixa
804 1854 858 1904 est.

98 1939 133 1992 50
204 1929 250 1988 to.
280 1927 339 1988 Iam
358 1928 407 1988 illa
424 1927 542 2004 volgata
557 1928 652 1988 uaria:
671 1946 710 1988 ex
727 1929 848 2007 integris
863 1937 982 1990 truncos
999 1927 1100 2005 gigni,
1118 1944 1194 1989 exrc

141 2012 250 2074 truncis
266 2013 420 2088 integrum·
440 2012 541 2072 eadem
562 2021 643 2090 parte
664 2021 801 2088 truncos,
821 2013 903 2089 sigua
919 2011 1062 2091 quaedam
1086 2027 1161 2069 uae·

143 2114 256 2175 vosque
272 2104 301 2155 et
320 2097 473 2156 cicatrices
491 2097 577 2157 etiam
593 2097 772 2174 regenerari.
790 2106 894 2174 quarto
908 2105 992 2174 partu
1004 2094 1163 2155 Dacorum
1205 2133 1207 2136 <

142 2182 261 2259 originis
277 2189 344 2241 notu
362 2182 390 2239 in
405 2179 525 2242 brachio
541 2180 679 2241 redditur.

206 2265 254 2326 12.
284 2264 316 2324 ln
331 2265 505 2344 Lepidorum
518 2275 606 2344 geute
623 2267 691 2339 tris,
708 2265 871 2324 intermisso
885 2265 1003 2338 orum,
1019 2262 1161 2324 olrducto

97 2363 130 2415 51
141 2350 304 2412 membrana
334 2350 421 2410 oculo
448 2351 565 2428 genitos
590 2350 774 2430 accepimus,
804 2347 905 2408 similis
931 2347 1049 2427 quidem
1075 2346 1195 2408 alioscs

141 2453 213 2508 avo,
236 2444 318 2494 etex
334 2436 456 2510 geminis
475 2451 591 2532 quoque
610 2434 732 2492 alterum
747 2433 822 2510 patri
837 2429 960 2492 alterum
976 2431 1077 2505 matti,
1105 2449 1161 2490 au·

142 2534 237 2593 noque
253 2527 319 2593 post
334 2519 460 2592 genitum
475 2519 576 2577 maiori
593 2517 715 2578 similem
729 2516 820 2577 luisse
836 2525 866 2576 ut
882 2516 1038 2593 geminum
1066 2532 1161 2596 quae

142 2601 205 2660 darn
222 2599 277 2656 sibi
291 2598 390 2661 similis
404 2618 521 2678 semper
535 2618 658 2679 parere,
675 2600 851 2679 quasdam'
823 2617 904 2677 mro,
917 2599 1058 2678 quasdam
1068 2599 1159 2673 nulli,
1220 2631 1221 2640 ι

143 2682 281 2762 quasdam
298 2681 540 2762 lemiuampatri,
563 2702 671 2744 marem
688 2685 753 2744 sibi.
781 2683 969 2746 indubitatum
986 2683 1161 2760 exemplum

143 2776 188 2826 est
202 2764 303 2824 Nicaei
315 2765 422 2827 nobilis
437 2777 546 2846 pyctae
555 2767 686 2844 Byzantii
700 2771 790 2846 geniti
806 2770 854 2846 qui
872 2769 1016 2830 adulterio
1029 2767 1156 2830 Aethio-
1168 2786 1194 2828 at

142 2853 187 2929 pis
210 2859 275 2913 nata
298 2859 388 2911 matre
410 2851 479 2914 rrilril
503 2872 518 2914 a
545 2852 653 2912 ceteris
674 2853 778 2914 colore
800 2853 953 2914 differente
979 2854 1050 2930 ipsc.
1067 2867 1157 2913 arem

98 2948 132 2999 dt
143 2935 329 3013 regeneravit
350 2933 534 3015 Aethiopem.
579 2937 798 2999 Similitudinum
819 2937 935 3016 quidem
956 2937 1086 2997 iuncum
1108 2955 1156 2996 re-

142 3019 251 3098 putatio
269 3027 314 3078 est
335 3027 363 3077 et
379 3020 407 3077 iu
423 3039 479 3098 qua
495 3020 750 3084 credanturmutrc
764 3021 882 3081 fortuita
899 3020 1032 3098 pollere,
1059 3021 1154 3093 visus,

142 3105 270 3178 auditus,
297 3105 435 3164 memoria
457 3103 635 3185 haustaeque
658 3106 798 3182 imagines
824 3103 878 3166 sub
904 3106 975 3182 ipso-
993 3115 1153 3182 conceptu.

142 3189 280 3266 cogitatio
296 3188 382 3249 etiam
394 3189 555 3250 utriuslibet
568 3191 690 3250 animum
705 3189 800 3248 subito
812 3189 995 3250 transvolans
1007 3188 1155 3264 elingere
1164 3202 1191 3246 ns

50 3337 54 3350 Ι
142 3272 353 3332 similitudinem
366 3280 414 3332 aut
426 3275 553 3333 miscere
570 3275 765 3336 existumutur.
795 3273 922 3350 ideoque
937 3272 1037 3350 plures
1053 3273 1084 3332 iu
1098 3272 1151 3332 ho·

142 3357 217 3414 mine
236 3375 320 3434 quam
339 3358 367 3415 iu
383 3358 490 3417 ceteris
512 3357 644 3416 omuibus
662 3356 830 3416 animalibus
853 3356 1053 3431 differentiae,
1079 3373 1152 3433 quo·

39 3485 46 3497 ,
142 3438 217 3496 uiam
230 3441 373 3502 velocitas
392 3441 597 3518 cogitationum
612 3441 757 3518 *animique
778 3440 916 3501 celeritas
938 3447 967 3499 et
987 3440 1087 3516 ingeni
1102 3458 1152 3499 va·
