2444 3910
138 209 179 276 38
478 221 508 270 c.
532 223 629 272 rarsi
652 219 802 270 sacuam

138 377 302 457 Hyperbius
334 376 440 436 iratres
468 374 602 436 Athenis.
643 384 726 434 antea
753 391 861 452 specus
892 380 974 432 erant
1001 368 1169 430 domibus.

140 461 235 522 Gellio
248 461 355 522 Toxius
369 458 452 520 Caeli
468 459 543 520 lilius
561 459 630 518 lutei
646 459 758 519 aedilici
774 461 907 516 inventor
923 456 1036 534 placet,
1054 471 1169 512 exem

137 546 188 625 plo
206 555 319 624 sumpto
341 544 377 604 ab
395 543 574 604 hirundinum
591 543 673 603 nidis.
712 541 848 621 oppidum
862 539 995 617 Cecrops
1015 557 1034 598 a
1052 555 1095 596 se
1116 555 1168 614 ap·

140 629 257 708 pellavit
280 625 454 706 Cecropiam
476 646 550 706 quae
573 645 648 686 nunc
672 636 716 686 est
738 625 869 686 Athenis.
901 624 990 710 aliqui
1013 623 1135 699 Argos
1155 639 1170 678 a

137 712 291 774 Phoroneo
315 731 388 788 rege
413 721 479 771 ante
500 712 645 772 conditum
663 711 779 784 volunt,
801 708 915 788 quidam
931 717 960 768 et
977 709 1186 781 Sicyonem

96 805 146 860 195
156 798 295 876 Aegyptii
309 812 382 854 vero
398 795 487 854 multo
503 804 570 854 ante
587 794 662 874 apud
674 797 756 872 ipsos
770 793 943 871 Diospolim.
973 791 1107 867 tegulas
1126 790 1170 847 in

136 884 215 941 venit
238 879 344 953 Cinyra
363 879 513 958 Agriopae
537 877 613 938 lilius
635 889 664 938 et
689 879 806 938 metalla
832 877 925 951 aeris,
947 883 1120 953 utramque
1142 875 1170 932 in

137 965 230 1025 insula
248 961 364 1040 Cypro,
388 965 457 1021 item
476 961 635 1040 forcipem,
656 962 822 1035 martulam,
844 969 979 1033 vectem,
1002 959 1167 1018 incudem.

120 1059 241 1128 ,puteos
258 1045 376 1105 Danaus
391 1064 429 1104 ex
444 1046 582 1124 Aegypto
601 1047 740 1106 advectus
755 1047 783 1104 in
799 1044 950 1105 Graeciam
968 1060 1049 1120 quae
1066 1059 1167 1100 voca·

136 1133 220 1190 hatur
232 1131 329 1206 Argos
342 1129 474 1208 Dipsion.
499 1131 668 1209 lapicidinas
682 1129 805 1188 Cadmus
819 1128 997 1201 Thebis,.aut
1008 1136 1042 1184 ιιι
1057 1125 1166 1185 Theo·
1177 1147 1194 1184 n

137 1215 271 1294 phrastus
289 1215 316 1272 in
338 1213 495 1272 Phoenice.
533 1213 664 1274 Thrason
681 1231 794 1288 muros,
811 1213 897 1272 turris
918 1220 948 1270 ut
967 1209 1166 1270 Aristoteles

95 1308 146 1362 196
157 1296 320 1375 Cyclopes,
340 1295 480 1371 'lirynthii
496 1305 526 1356 ut
541 1296 771 1375 Theophrastus.
804 1296 943 1374 Aegyptii
959 1294 1101 1367 textilia,
1120 1296 1166 1352 in·

137 1383 227 1442 licere
251 1381 331 1442 lanas
354 1380 494 1440 Sardibus
515 1367 606 1456 Lydi,
628 1381 709 1440 fusos
731 1383 758 1440 in
781 1380 905 1440 lanilicio
930 1377 1054 1438 Closter
1080 1378 1165 1436 lilius

137 1465 307 1540 Arachnae,
330 1465 418 1524 linum
444 1475 473 1523 et
495 1467 568 1524 retia
589 1465 741 1538 Arachne,
765 1464 914 1524 fulloniam
935 1472 1026 1522 artem
1052 1461 1164 1521 Nicias

137 1547 330 1624 degarensis,
348 1550 483 1607 sutrinam
499 1547 625 1622 Tychius
641 1549 789 1608 Boeotius.
819 1548 990 1608 medicinam
1006 1545 1191 1624 Aegyptiis

138 1633 214 1709 apud
237 1633 318 1708 ipsos
341 1632 442 1691 volunt
463 1641 624 1710 repertam,
648 1632 697 1692 alii
719 1651 773 1710 per
790 1632 917 1692 Arabum
936 1630 1107 1704 Rabylonis
1131 1635 1163 1687 et

137 1714 282 1791 Apollinis
306 1714 410 1789 lilium,
433 1715 596 1775 herbariam
621 1725 650 1774 et
672 1717 991 1776 medicamentariama
1019 1711 1161 1772 Chirone

95 1805 147 1861 197
156 1799 269 1857 Saturni
285 1807 313 1856 et
327 1797 463 1872 Philyrae
481 1798 550 1858 lilio.
592 1817 643 1858 aes
663 1800 790 1860 conflare
806 1809 835 1858 et
850 1809 1016 1877 temperare
1033 1798 1161 1856 Aristo·

37 1902 40 1908 ’
136 1879 338 1960 teleshydnm
355 1881 484 1956 Scythen
501 1891 693 1959 monstrasse,
711 1881 929 1962 Theophrastus
945 1881 1040 1941 Delan
1061 1881 1159 1954 Phry·

137 1963 896 2127 illl“llnhtlffllitlltttltlltlltt
914 1964 1189 2124 ppppppesp
1220 1966 1221 1969 ‘

20 2169 26 2174 -
138 2140 287 2207 argentum
310 2134 419 2191 invenit
439 2131 645 2192 Erichthonius
666 2133 870 2208 Atheniensis,
894 2142 924 2192 ut
947 2134 995 2192 alii
1018 2133 1157 2192 Aeacus.

137 2217 197 2274 auri
214 2215 332 2276 metalla
349 2227 378 2276 et
395 2216 526 2277 flaturam
542 2215 667 2276 Cadmus
682 2217 811 2295 Phoenix
829 2216 864 2277 ad
885 2218 1053 2294 Pangaeum
1070 2233 1157 2298 mop-

137 2309 204 2375 tem,
218 2309 247 2358 ut
263 2300 311 2360 alii
322 2299 419 2362 l'hoas
436 2311 483 2360 aut
501 2300 600 2361 Eaclis
611 2304 639 2387 in
654 2301 796 2361 Panchaia
812 2309 859 2360 aut
876 2301 930 2360 Sol
945 2300 1157 2377 Oceaninlilius

137 2384 183 2442 cui
201 2382 311 2443 Cellius
327 2385 488 2445 medicinae
507 2401 625 2463 quoque
637 2386 830 2444 inventionem
848 2403 885 2444 ex
900 2383 989 2444 melle
1005 2384 1187 2460 adsignata

136 2464 282 2541 plumbum
304 2485 341 2524 ex
359 2465 538 2527 Cassiteride
555 2469 647 2526 insula
665 2469 772 2544 primus
788 2469 953 2547 adportavit
967 2467 1155 2528 Midacritus

96 2555 148 2608 198
155 2545 294 2604 fabricam
303 2547 429 2606 ferream
441 2551 580 2607 invenere
592 2548 751 2628 Cyclopes,
765 2551 880 2628 liglinas
893 2549 1049 2610 Coroebus
1060 2551 1157 2611 Athe

137 2628 262 2700 niensis,
280 2629 309 2686 in
329 2631 364 2686 iis
381 2631 482 2689 orbem
501 2631 676 2692 Anacharsis
697 2633 838 2710 Scythes,
857 2644 888 2695 ut
912 2635 961 2694 alii
982 2633 1157 2714 Hyperbius

139 2705 313 2780 Corinthius.
346 2711 485 2772 fabricam
500 2717 689 2776 materiariam
705 2717 867 2794 Daedalus,
885 2728 915 2778 et
930 2721 959 2778 in
974 2739 1010 2779 ea
1025 2737 1154 2792 serram,

138 2793 262 2868 asciam,
281 2796 535 2872 perpendiculum,
554 2799 715 2875 terebram,
732 2802 889 2878 glutinum,
906 2802 1154 2877 ichthyocollam,
1165 2827 1185 2867 aa

137 2893 265 2936 normam
286 2888 380 2938 autem
405 2889 434 2939 et
455 2880 585 2942 libellam
603 2891 632 2942 et
653 2893 766 2945 tornum
787 2894 816 2944 et
839 2885 953 2946 clavem
973 2883 1154 2946 Theodorus

138 2961 266 3034 Samius,
283 2978 432 3021 mensuras
448 2974 477 3024 et
492 2967 622 3042 pondera
637 2967 747 3026 Phidon
763 2968 901 3044 Argivus,
914 2978 963 3028 aut
976 2968 1156 3028 Palamedes

136 3053 168 3104 ut
182 3043 280 3102 maluit
297 3041 417 3102 Gellius.
450 3046 547 3124 ignem
563 3067 579 3107 e
598 3049 682 3108 silice
697 3049 829 3125 Pyrodes
847 3049 947 3111 Cilicis
965 3051 1063 3127 lilius,
1082 3071 1154 3112 eun·

99 3127 220 3188 llttdem
242 3126 399 3185 adservare
429 3127 523 3190 ferula
545 3130 746 3192 Prometheus.
791 3135 954 3195 vehiculum
978 3153 1045 3194 cum
1069 3145 1154 3214 quat-

136 3217 201 3268 tuor
213 3209 285 3267 rotis
297 3208 438 3287 Phryges,
449 3223 625 3274 mercaturas
638 3214 739 3291 Poeni,
753 3217 893 3278 culturam
904 3220 1005 3278 vitium
1020 3228 1050 3278 et
1064 3221 1154 3280 arbo·
1163 3243 1185 3282 aa

136 3308 198 3350 rum
215 3291 375 3372 Eumolpus
391 3293 596 3373 Atheniensis,
618 3299 715 3357 uinum
737 3317 829 3376 aquae
853 3303 970 3360 misceri
987 3303 1155 3381 Staphylus

138 3371 228 3433 Sileni
244 3377 336 3452 hlius,
359 3376 454 3437 oleum
478 3387 507 3437 et
528 3389 656 3458 trapetas
678 3381 830 3441 Aristaeus
845 3384 1053 3460 Atheniensis,
1074 3387 1153 3447 idem

136 3455 232 3520 mella.
265 3457 369 3518 bovem
385 3470 414 3520 et
428 3470 551 3521 aratrum
563 3462 696 3540 Buzyges
708 3465 904 3542 Atheniensis,
921 3478 952 3527 ut
967 3469 1017 3528 alii
1031 3469 1151 3550 Tripto-
