2444 3908
278 156 357 204 nau.
376 156 466 208 ausu.
488 157 563 204 v111.
583 117 701 208 as—aa.
721 143 870 230 (aa—43.)
1031 150 1068 214 tit

10 321 222 390 ,torpuere
244 312 334 390 spinis
356 313 478 391 iuniperi
501 330 533 370 se
556 311 660 374 scabit.
692 314 781 372 draco
803 332 921 376 vernam
944 319 1072 380 nausiam
1129 303 1131 310 ’

38 395 214 456 silvestris
227 395 358 456 lactucae
369 415 441 464 succ
453 397 613 472 restinguit.
632 396 787 474 pantheras
799 399 955 476 perfricata
967 420 1054 462 carue
1063 415 1114 466 loo

39 480 186 541 aconito
196 497 386 540 *venenum
402 481 430 540 id
448 479 664 541 est-barbari
679 491 826 541 venantur.
850 495 974 562 occupat
990 486 1070 546 illico

40 565 159 624 faucis
175 581 274 622 earum
287 581 391 641 angor,
402 583 491 643 quara
508 563 728 642 pardalianches
743 566 771 626 id
782 585 924 628 venenum
939 570 1070 646 appella-

16 665 139 712 evere
156 647 281 724 quidam.
300 657 328 708 at
342 648 405 709 iera
422 658 520 709 contra
535 649 592 708 hoc
602 652 796 710 excrementis
810 650 932 710 hominis
942 652 1079 712 sibi-me·'

45 733 162 806 detur,
182 740 212 790 et
226 731 297 792 alias
309 741 365 792 tam
381 735 463 794 avida
475 750 574 794 eorum
591 743 621 792 ut
633 751 649 792 a
662 735 828 812 pastoribus
841 754 879 794 ex
890 737 1027 796 industria
1041 739 1070 796 in

45 817 166 894 aliquo
180 815 250 874 vase
260 835 404 894 suspensa
416 819 501 884 altius
514 836 598 896 quam
614 828 644 878 ut
654 827 741 896 queat
752 818 826 878 saltu
839 821 980 896 attingere
992 823 1069 880 iacu-

46 901 153 960 lando
171 917 205 958 se
219 899 442 982 adpetendoq'ue
458 901 574 962 deficiat
588 910 619 962 et
634 912 782 980 postremo
799 905 939 981 exspiret,
963 904 1070 983 alioqui

47 985 230 1044 vivacitatis
245 985 320 1046 adeo
334 985 429 1046 lentae
445 996 474 1060 ut
490 989 594 1046 eiectis
609 987 765 1048 interaneis
781 987 828 1047 diu
844 997 963 1065 pugnet.
992 988 1110 1052 ale-101

9 1089 38 1136 aa
51 1069 160 1148 phans
170 1067 378 1129 chamaeleone
389 1071 539 1130 concolori
548 1070 642 1131 frondi
652 1071 792 1131 devorato
801 1073 927 1142 occurrit
939 1072 1069 1136 oleastro

50 1155 132 1214 huic
150 1171 266 1212 ueneno
286 1171 347 1213 suc.
380 1157 437 1216 ursi
461 1173 524 1215 cum
548 1154 756 1232 mandragorae
776 1155 880 1216 malum
902 1165 1068 1232 gustavere,
1088 1167 1093 1182 ’

52 1238 206 1297 formicas
218 1237 352 1299 lambunt.
384 1257 489 1300 ceruos
512 1239 602 1298 herba
619 1239 716 1298 cinare
731 1241 880 1300 venenatis
895 1240 1008 1318 pabulis
1023 1260 1068 1300 re·

54 1323 151 1382 sistit.
186 1323 356 1400 palumbes,
372 1325 501 1401 graculi,
518 1323 664 1397 merulae,
686 1324 822 1401 perdices
846 1323 918 1384 lauri
933 1323 1005 1384 lolio
1020 1343 1068 1384 an·

55 1423 152 1466 nuum
161 1406 305 1466 fastidium
317 1417 451 1486 purgant,
465 1407 628 1483 columbae,
640 1415 765 1468 turtures
774 1417 803 1468 et
810 1407 968 1485 gallinacei
977 1407 1068 1470 herba

14 1518 45 1560 15
57 1508 143 1570 quae
159 1501 282 1550 uocatur
296 1492 424 1552 helxine.
447 1501 567 1567 anates,
583 1510 702 1554 anseres
719 1502 896 1570 ceteraeque
917 1494 1068 1572 aquaticae

57 1575 159 1634 herba
173 1576 305 1635 siderite.
318 1595 409 1652 grues
419 1585 448 1636 et
468 1577 578 1649 similes
592 1579 676 1636 iunco
694 1577 823 1654 palustri.
845 1579 1069 1646 corvosocciso

60 1659 288 1736 chamaeleone,
304 1663 352 1738 qui
374 1659 459 1722 eham
480 1662 584 1720 victori
605 1669 709 1736 nocet,
728 1661 810 1726 lauro
827 1660 963 1721 iniectum
990 1663 1067 1722 virus
1129 1668 1131 1674 “

60 1745 235 1820 exstinguit.

132 1825 181 1886 28.
198 1829 281 1909 (42.)
305 1828 383 1890 llilia
397 1839 563 1908 praeterea,
586 1839 688 1908 utpote
704 1847 768 1888 cum
789 1829 928 1908 plurumis
943 1831 1110 1894 anima-102

23 1911 257 1978 aclibueeadem
268 1923 368 1974 natura
383 1933 480 1974 rerum
493 1914 567 1974 caeli
579 1931 696 1994 quoque
709 1913 943 1974 observationem
956 1923 985 1973 et
998 1933 1067 1974 ven-

66 2007 172 2070 torum,
191 1997 332 2073 imbrium,
349 2000 549 2078 tempestatum
562 2000 715 2077 praesagia
732 1997 788 2059 alia
804 1998 862 2058 alio
878 1998 964 2059 modo
980 1998 1067 2058 dede·

65 2082 120 2154 rit,
141 2081 219 2158 quod
240 2083 378 2160 persequi
398 2085 555 2142 inmensum
573 2092 634 2158 est,
661 2100 754 2160 aeque
770 2081 884 2142 scilicet
899 2100 982 2159 quam
999 2083 1066 2141 reli·

66 2183 154 2244 quam
169 2183 232 2224 cum
248 2167 368 2244 singulis
382 2168 525 2227 hominum
537 2167 716 2226 societatem.
740 2166 882 2244 siquidem
894 2174 922 2223 et
937 2166 1067 2242 pericula

66 2261 323 2328 praemonentnon
336 2251 416 2310 libris
431 2251 516 2314 modo
534 2251 678 2328 extisque,
695 2251 774 2310 circa
788 2249 977 2328 quodmagna
992 2248 1066 2308 mor-

29 2333 165 2400 etalium
181 2336 275 2412 portic
293 2335 409 2409 haeret,
430 2335 483 2395 sed
497 2335 552 2396 alia
576 2335 698 2412 quadam
715 2333 935 2410 significatione.
960 2333 1047 2392 ruinis
1058 2343 1110 2398 103

68 2419 268 2496 inminentibus
281 2419 404 2480 musculi
419 2419 628 2498 praemigrant,
647 2418 744 2479 aranei
760 2433 824 2478 cum
838 2417 905 2479 telis
921 2416 1004 2494 primi
1019 2434 1065 2476 ca-

69 2503 147 2562 dunt.
178 2506 296 2582 auguria
310 2505 425 2583 quidem
441 2513 531 2563 artem
546 2502 647 2570 iecere
662 2502 740 2582 apud
755 2502 902 2564 Romanos
916 2509 946 2562 et
969 2519 1066 2560 sacer·

70 2587 165 2647 dotum
179 2589 347 2665 collegium
367 2589 416 2648 nel
434 2607 565 2654 maxume
586 2587 738 2648 sollemne.
767 2596 813 2648 est
839 2589 914 2654 inter
936 2603 970 2644 ea
992 2585 1067 2646 locis

71 2671 226 2747 rigentibus
238 2683 269 2752 et
279 2673 395 2751 volpes,
409 2673 513 2734 animal
527 2673 634 2750 alioqui
650 2673 780 2734 sollertia
793 2672 892 2732 dirum.
909 2671 999 2730 amnis
1014 2689 1066 2747 ge·

35 2757 146 2820 alatos
167 2755 304 2836 lacusque
325 2759 438 2817 nonnisi
457 2757 494 2816 ad
515 2758 578 2816 eius
604 2759 672 2816 itum
699 2757 879 2834 reditumque
909 2764 1065 2815 transeunt.

72 2839 252 2902 observatum
268 2860 331 2902 eam
350 2861 420 2902 aare
443 2843 479 2902 ad
501 2841 625 2917 glaciem
647 2841 778 2919 adposita
800 2841 967 2900 coniectare
987 2857 1064 2898 cras-

72 2925 217 2984 situdinem
232 2927 326 3002 gelus.
441 2921 450 2944 ⁸

134 3008 180 3068 29.
205 3009 287 3089 (43.)
310 3009 474 3072 Necmiaus
503 3010 581 3070 clara
602 3009 673 3088 exiti
696 3008 868 3068 documenta
885 3017 948 3067 sunt
964 3007 1108 3067 etiam104

75 3095 284 3154 contemnendis
302 3095 479 3156 animalibus.
507 3093 545 3152 Μ.
565 3091 659 3152 Varro
689 3102 790 3152 auctor
815 3102 860 3150 est
889 3110 905 3150 a
926 3089 1064 3150 cuniculis
1147 3123 1149 3127 ,

41 3199 65 3242 sc
75 3178 232 3238 sublossum
247 3181 275 3238 in
291 3178 426 3258 Hispania
441 3179 589 3257 oppidum,
608 3195 624 3238 a
640 3177 727 3254 talpis
742 3178 770 3236 iu
785 3174 946 3249 Thessalia,
967 3172 1002 3232 ab
1019 3190 1063 3231 ra-

74 3265 116 3323 nis
142 3264 280 3323 civitatem
308 3265 336 3322 i'n
363 3263 457 3325 Gallia
469 3263 596 3342 pulsam,
626 3261 661 3320 ab
694 3261 815 3321 locustis
835 3261 863 3319 in
887 3259 1004 3332 Atrtea,
1027 3275 1065 3316 ex

76 3348 165 3424 Gyaro
186 3347 344 3423 Cycladum
363 3348 456 3408 insula
478 3347 590 3408 incolas
610 3345 768 3410 amuribus
785 3344 918 3421 fugatos,
940 3343 968 3401 in
984 3339 1065 3403 ltalia

77 3433 223 3493 Amunclus
241 3451 266 3516 a⁸
280 3432 465 3511 serpentibus
481 3431 603 3492 deletas.
637 3431 709 3490 citra
724 3427 918 3505 cynamolgos
943 3425 1064 3486 Aethio·
