2462 3900
328 204 408 280 nur.
426 229 516 280 rursu.
534 230 591 280 xv.
607 227 649 280 aa.
668 226 711 280 au.
737 217 888 296 (Μ.)
1025 217 1084 278 301

70 445 75 454 ,
90 407 107 448 e
126 388 209 464 nigro
222 385 301 446 rods
329 383 463 446 Notatnm
476 386 613 463 antiquis,
629 385 736 446 nullum
751 403 845 462 genus
860 385 957 445 laurus
970 386 999 444 in
1014 383 1085 446 Gor·

90 473 151 532 sica
166 470 273 543 fuisse,
290 469 368 546 quod
384 487 458 528 nuuc
473 479 564 530 sattim
579 478 608 528 et
622 469 661 533 ibi
677 471 819 548 provenit.

152 554 234 632 (to.)
257 552 324 631 lpsa
349 553 495 631 pacifera,
516 562 546 613 nt
565 570 648 631 qnam
664 553 814 631 praetendi
830 556 916 614 etiarn
931 553 1005 614 inter
1021 562 1129 616 ar·133

87 647 181 698 matos
196 637 288 698 hostis
302 637 405 714 quietis
420 638 457 696 sit
471 637 614 696 indiciam.
640 635 775 698 Romanis
788 640 947 715 praecipue
959 637 1087 700 laetitiae

67 722 333 798 svtcuoriamnque
347 721 443 782 nuntia
461 719 572 784 additur
586 720 691 783 litteris
708 731 737 780 et
752 721 869 782 militnm
885 722 995 782 lanceis
1007 721 1086 801 pilis-

90 824 162 883 que,
187 805 276 864 fascis
300 805 502 882 imperatorum
525 804 653 864 decorat.
680 823 718 864 ex
737 804 780 864 his
804 807 832 864 in
852 807 964 881 gremio
986 803 1128 866 lovisldt
1198 801 1203 824 ¹

89 889 197 968 optumi
212 890 391 966 maxumique
410 888 577 968 deponitur,
600 889 734 965 quotiens
752 889 887 948 laetitiam
905 907 980 949 nova
996 891 1085 947 uicto·

88 975 130 1032 ria
146 973 253 1047 attulit,
274 973 359 1050 idque
377 989 433 1034 uon
449 974 513 1050 quia
532 981 675 1050 perpetuo
691 974 782 1046 viret,
806 991 861 1032 nec
876 975 941 1050 quia
957 972 1086 1052 pacifera

20 1083 27 1102 ν
90 1065 151 1131 est,
180 1055 373 1135 praeferenda
399 1066 522 1134 utroque
544 1056 626 1131 olea,
653 1056 705 1115 sed
732 1058 796 1134 quia
824 1057 1034 1134 spectatissima
1060 1057 1088 1113 in
1118 1081 1120 1085 ·

54 1149 186 1200 remonte
211 1136 344 1200 Parnaso'
364 1141 489 1219 ideoque
514 1142 599 1199 etiam
622 1149 704 1216 grata
723 1139 868 1217 Apollini,
896 1141 1023 1200 adsuetis
1046 1141 1086 1198 xeo

89 1224 164 1284 dona
181 1225 310 1303 mittero,
332 1224 449 1283 oracula
467 1223 532 1284 inde
549 1234 686 1301 repetere
700 1226 754 1284 iam
775 1233 803 1282 et
819 1223 936 1300 regibus
952 1223 1087 1282 Romanis

18 1305 22 1310 ’
89 1317 165 1368 teste
182 1307 213 1367 L.
230 1307 333 1383 Bruto,
359 1307 491 1382 fortassis
515 1309 600 1366 etiam
618 1309 646 1366 in
665 1317 877 1386 argumentum,
898 1309 1030 1386 quoniam
1049 1307 1087 1366 ibi

84 1391 252 1456 ,libertatem
277 1389 421 1469 publicam
442 1392 466 1451 is
487 1392 640 1462 meruisset
668 1390 831 1451 lauriferam
851 1391 984 1451 tellurem
1009 1391 1086 1450 illam

89 1475 237 1536 osculatus
249 1493 287 1534 ex
301 1492 462 1554 responso,
483 1485 512 1536 et
527 1477 592 1554 quia
608 1495 690 1544 manu
707 1485 830 1535 satarum
847 1485 1087 1554 receptarumque

53 1560 117 1628 rain
132 1560 238 1620 domos
252 1557 368 1619 fulmine
394 1560 456 1619 sola
478 1579 535 1620 non
555 1561 648 1620 icitur.
676 1559 713 1618 oh
736 1559 787 1619 has
811 1577 912 1619 cansas
933 1558 1066 1638 equidem
1081 1569 1128 1621 135

3 1651 5 1726 Q
90 1643 262 1704 crediderim
287 1643 425 1703 honorem
452 1645 479 1702 ei
500 1643 627 1703 habitum
652 1645 680 1702 in
702 1643 850 1721 triumphis
878 1646 973 1721 potius
1004 1660 1087 1720 quam

89 1728 155 1804 quia
181 1726 371 1786 suffimentum
394 1727 430 1786 sit
454 1727 551 1789 caedis
573 1727 697 1788 hostiurn
720 1736 749 1786 et
763 1729 921 1805 purgatio,
949 1737 978 1788 ut
1003 1727 1087 1786 tradit

88 1809 239 1870 Masurius.
264 1810 396 1889 adeoque
420 1813 448 1870 in
463 1811 591 1890 profanis
607 1811 706 1871 usibus
726 1807 816 1890 pollui
831 1812 940 1871 laurum
953 1820 981 1871 et
994 1811 1088 1870 oleam

89 1895 133 1954 fas
150 1912 207 1954 non
225 1903 286 1970 est,
305 1905 338 1962 ,ut
353 1914 388 1970 ne
405 1897 593 1974 propitiandis
611 1896 725 1975 quidem
740 1896 898 1956 numinibus
914 1896 1034 1956 accendi
1050 1913 1087 1952 ex

2 2050 4 2066 .
52 1998 80 2038 ro
89 1977 133 2037 his
149 1977 249 2039 altaria
268 1996 374 2041 araeve
391 1980 525 2040 debeant.
550 1980 659 2040 Laurus
674 1980 789 2058 quidem
805 1981 957 2040 manifesto
975 1980 1088 2039 abdicat

88 2062 163 2138 igpis
178 2063 289 2139 crepitu
302 2073 331 2122 et
348 2063 468 2140 quadam
483 2065 692 2137 detestatione,
715 2063 927 2122 interaneorum
945 2067 1029 2124 etiam
1044 2063 1085 2120 vi·
1156 2051 1160 2069 '

88 2147 127 2204 tia
143 2154 172 2204 ot
188 2163 341 2206 nervorum
357 2146 435 2222 ligno
450 2154 613 2224 torquente.
640 2145 784 2205 liberium
799 2147 958 2225 principem
971 2156 1087 2205 tonante
1141 2155 1157 2220 j

90 2228 174 2288 caelo
206 2227 339 2289 coronari
369 2246 403 2289 ea
429 2228 544 2288 solitum
572 2229 668 2288 ferunt
689 2237 789 2289 eontra
814 2229 960 2290 fulminum
984 2239 1085 2288 metus.
1111 2224 1115 2232 '

89 2313 160 2371 Sunt
175 2322 204 2371 et
223 2315 300 2373 circu
315 2313 410 2372 divom
425 2312 583 2390 Augustum
599 2322 704 2374 eventa
718 2313 780 2372 elus
796 2313 881 2390 digna
896 2323 1064 2374 memoratu.
1080 2323 1129 2377 136

52 2411 212 2474 uanumque
235 2397 332 2457 Liviae
353 2396 517 2472 Drusillae,
544 2415 617 2476 quae
644 2405 747 2476 postea
769 2397 900 2475 Augusta
928 2398 1087 2458 matrimoni

88 2498 192 2539 nomen
206 2482 338 2559 accepit,
362 2499 425 2541 curn
441 2490 525 2559 pacta
542 2491 622 2541 esset
641 2479 692 2542 illa
707 2478 842 2556 Caesari,
866 2482 1000 2559 gallinam
1018 2498 1085 2540 con·

2 2639 3 2644 ἵ
90 2564 183 2641 spicui
210 2565 343 2625 candoris
369 2567 482 2642 sedenti
510 2566 606 2644 aquila
631 2584 668 2626 ex
691 2565 748 2625 alto
773 2564 880 2631 abiecit
899 2569 927 2625 in
949 2566 1086 2643 gremium
1184 2634 1190 2650 ἱ

87 2647 243 2723 inlaesam,
264 2650 465 2730 intrepideque
480 2651 590 2710 miranti
606 2650 732 2709 accessit
747 2650 929 2726 miraculum,
951 2651 1085 2728 qnoniam

42 2754 52 2766 ¹
87 2741 233 2792 tenentem
248 2742 343 2798 rostro
362 2734 489 2793 laureum
504 2753 610 2793 ramum
626 2744 756 2794 onustum
771 2735 830 2796 suis
847 2735 937 2794 bacis.
969 2751 1086 2793 conser-

52 2817 151 2875 oovari
171 2817 266 2877 alitem
294 2826 323 2876 et
355 2818 486 2878 subolem
507 2821 619 2878 iussere
641 2818 810 2896 haruspices
838 2834 1001 2895 ramumque
1024 2835 1086 2884 eum

90 2901 148 2960 seri
170 2919 204 2984 ac
228 2901 282 2960 rite
304 2902 452 2962 custodiri.
481 2902 558 2981 quod
581 2901 687 2962 factum
709 2911 754 2961 cst
777 2903 804 2960 in
826 2901 893 2961 villa
911 2900 1066 2962 Caesarum
1080 2907 1128 2961 137

88 2984 176 3044 fluvio
193 2984 291 3044 Tiberi
306 2987 430 3064 inposita
444 2988 521 3046 iuxta
536 3003 639 3045 nonum
652 2986 777 3064 lapidem
790 2984 927 3045 flaminia
941 2987 998 3061 via,
1012 3001 1086 3062 quae

89 3067 127 3127 ob
149 3067 177 3128 id
200 3078 321 3129 vocatur
342 3069 378 3130 ad
401 3069 540 3147 gallinas,
567 3069 697 3148 mireque
723 3069 795 3129 silva
818 3070 961 3148 provenit.
993 3087 1030 3128 ex
1053 3086 1087 3127 ea

87 3152 264 3230 triumphans
281 3163 384 3232 postea
401 3151 510 3213 Caesar
531 3154 641 3214 laurum
668 3154 695 3212 in
716 3172 799 3214 mann
821 3155 910 3213 tenuit
939 3170 1086 3214 coronam-

53 3254 146 3314 nsque
170 3238 265 3314 capite
285 3239 395 3314 gessit,
423 3255 458 3298 ao
478 3237 581 3298 deinde
601 3238 794 3314 imperatores
815 3237 957 3298 Caesares
980 3238 1085 3297 cuncti.

88 3320 264 3400 traditusque
280 3339 342 3380 mos
359 3330 404 3382 est
418 3339 514 3382 ramos
528 3330 769 3399 qnostennerunt
786 3322 916 3396 serendi,
942 3331 970 3381 et
986 3322 1087 3381 durant

88 3403 179 3463 silvae
196 3405 357 3465 nominibus
371 3407 430 3465 suis
445 3403 606 3479 discretae,
630 3405 763 3466 fortassis
779 3405 845 3465 ideo
861 3407 972 3466 mutatis
989 3407 1085 3465 trium·
1177 3426 1180 3432 ·

88 3484 230 3568 plralibns.
253 3487 341 3548 Unius
355 3489 489 3550 arborum
499 3488 596 3550 Latina
607 3489 816 3570 lingnanumen
830 3491 973 3572 inponitur
984 3491 1062 3550 viris.
1079 3497 1128 3552 138
