2462 3900
284 138 730 215 urn.n1su.x1111.17—ac.
755 145 910 233 (rr—ae.)
1006 151 1069 214 273.

66 331 157 393 quarn
171 312 278 391 prioris
301 313 359 380 vini
383 312 468 377 faece
491 322 614 374 acetove
637 315 781 380 condiunt.
809 313 872 378 Nec
887 335 944 379 nou
959 322 988 382 et
1008 340 1045 386 ex
1057 335 1107 388 121

65 400 137 477 ipso
149 405 242 458 musto
256 397 325 456 liunt
336 397 531 483 medicamina.
548 399 719 477 decoquitur
731 410 760 459 ut
771 401 921 462 dulcescat
933 407 1066 483 portione

63 483 182 558 virium,
194 499 249 540 nec
264 481 367 548 durare
381 481 454 542 ultra
469 499 589 543 annulum
604 485 727 562 spatium
741 484 800 544 tale
811 486 949 563 proditur.
966 489 1066 568 aliqui·

66 566 124 628 bus
140 567 169 624 in
183 565 258 630 locis
276 564 419 625 decocunt
433 565 469 625 ad
485 561 571 644 sapas
586 576 679 628 musta
695 567 855 647 infusisque
867 570 911 642 bis
930 571 1067 634 ferociam

40 651 215 727 efrangunt.
246 657 275 707 et
298 649 326 707 in
347 650 404 709 boc
426 658 520 708 tamen
537 669 646 728 genere
661 661 689 712 et
710 653 739 712 in
760 655 833 713 omni
857 654 913 714 alio
935 655 1066 714 submini-

67 743 162 794 strant
188 750 257 794 vasa
274 733 338 811 ipsa
364 733 551 794 condimentis
579 735 670 813 picis,
703 737 782 796 cuius
812 737 961 800 faciendae
993 741 1065 801 ratio

66 834 213 898 proxumo
228 817 341 876 dicetur
357 818 510 878 volumine.
1044 848 1073 896 a,
1083 849 1107 903 up

130 901 182 964 20.
207 900 290 980 (25.)
315 899 458 962 Arborum
482 919 552 962 suco
567 905 735 972 manantium
751 905 845 982 picem
865 906 1109 984 resinamqueffl
1213 991 1216 998 ι

66 986 146 1046 aliae
161 986 287 1046 ortaein
303 987 414 1046 oriente
437 985 511 1045 aliae
534 987 562 1046 in
577 985 694 1066 Europa
714 987 818 1048 ferunt.
856 1007 929 1067 quae
946 990 1066 1072 interest

27 1086 56 1128 ro
68 1069 140 1130 Asia
164 1071 305 1147 utrimque
322 1070 458 1147 quasdam
472 1069 568 1131 babet.
590 1071 627 1149 in
642 1073 753 1131 oriente
775 1083 916 1150 optumam
934 1071 1065 1132 tenuissi-

66 1171 201 1232 mamque
216 1153 369 1213 terebinthi
384 1154 519 1229 fundunt,
537 1154 603 1213 dein
618 1154 750 1229 lentisci,
767 1174 850 1234 quarn
862 1166 890 1215 et
907 1156 1065 1217 mastichen

58 1245 191 1311 -vocant,
205 1245 310 1314 postea
324 1238 471 1316 cupressi,
489 1238 657 1299 acerrimam
673 1255 795 1315 sapore,
814 1234 949 1318 liquidam
964 1256 1064 1301 omnes

69 1331 99 1384 et
123 1329 230 1387 tantum
252 1322 391 1395 resinam,
415 1322 588 1380 crassiorem
608 1339 680 1382 uero
707 1331 736 1380 et
759 1323 794 1381 ad
816 1324 897 1400 pices
919 1321 1066 1382 faciendae

69 1406 186 1466 cedrus.
222 1397 348 1464 Arabica
368 1405 464 1472 resina
484 1404 549 1464 alba
566 1413 627 1479 est,
654 1406 714 1466 acri
736 1406 843 1480 odore,
868 1405 993 1466 dificilis
1017 1421 1065 1464 co-

28 1491 187 1568 sequenti,
214 1485 319 1548 Iudaea
343 1488 481 1549 callosior
505 1497 533 1548 et
556 1488 744 1556 terebinthina
767 1507 882 1567 quoque
908 1490 1065 1564 odoratior,

6 1589 7 1594 ’
68 1575 189 1648 Syriaca
205 1572 293 1632 Attici
314 1570 407 1632 mellis
422 1572 636 1633 'similitudinem
652 1572 747 1632 babet.
779 1571 885 1652 Cypria
902 1572 1046 1633 antecedit
1058 1580 1108 1634 123

6 1727 7 1735 ,
69 1660 177 1734 omnis,
195 1665 348 1742 estqautem
363 1655 604 1731 mellancolore,
623 1674 753 1717 camora.
785 1655 1065 1736 Colophoniaprae·

67 1751 114 1802 ter
130 1752 244 1802 ceteras
262 1737 355 1816 fulva,
380 1742 405 1800 si
420 1749 546 1817 teratur,
562 1740 627 1801 alba
643 1741 690 1816 frt,
712 1743 830 1818 gravior
846 1740 947 1802 odore.
978 1738 1014 1799 ob
1037 1739 1065 1798 id

68 1843 126 1886 noo
140 1834 254 1886 utuntur
269 1841 303 1884 ea
324 1826 512 1904 unguentarii.
543 1827 571 1885 in
591 1826 660 1898 Asia
677 1844 751 1904 quae
768 1825 797 1885 fut
813 1845 830 1884 e
845 1826 947 1907 picea,
969 1823 1063 1884 admo·

27 1931 59 1972 ao
71 1911 136 1972 dum
153 1909 289 1985 candida,
307 1928 412 1996 sppgas
427 1919 556 1970 vocatur.
587 1909 693 1970 Resina
705 1907 977 1982 omnisdissolvitur
988 1907 1066 1966 cleo.

71 1995 184 2074 quidam
202 2003 238 2054 et‘
254 2002 334 2053 creta
356 1994 535 2070 figulinarum
553 1994 609 2052 hcc
629 1994 692 2052 fueri
709 1991 898 2067 arbitrantur,
919 1993 1065 2070 pudetque

71 2080 202 2140 confiteri
229 2094 389 2140 maxumum
416 2079 470 2135 iarn
496 2076 635 2134 honorem
657 2075 723 2134 'eius
755 2093 822 2132 esse
848 2076 876 2132 in
904 2073 1064 2133 evellendis

70 2164 194 2222 virorum
206 2162 324 2236 corpori
339 2159 415 2236 pilis.
441 2158 525 2231 Ratio
538 2166 632 2216 autem
648 2156 800 2214 condiendi
814 2164 905 2216 musta
917 2158 945 2214 iu
955 2157 1045 2233 primo
1057 2163 1108 2218 124

69 2247 199 2320 fervore,
214 2245 262 2322 qul
273 2259 377 2301 novem
389 2240 490 2302 diebus
504 2258 567 2298 cum
582 2240 741 2319 plurumum
752 2239 909 2318 peragitur,
926 2239 1066 2317 adspersu
1079 2293 1084 2316 Ι

24 2331 161 2410 suspicis,
182 2336 212 2388 ut
234 2327 308 2386 cdor
331 2327 397 2384 vino
420 2325 566 2400 contingat
587 2333 616 2383 et
632 2324 751 2400 ,saporis
773 2322 912 2400 quaedam
928 2321 1064 2395 acumina.

67 2412 268 2474 vehementius
292 2411 319 2470 id
341 2409 403 2469 lieri
418 2409 591 2470 arbitrantur
608 2407 696 2468 crudo
712 2407 785 2468 flore
802 2407 916 2466 resinae
934 2403 1066 2465 excitari-

70 2515 127 2576 que
143 2496 307 2570 lenitatem,
329 2513 345 2553 e
365 2494 480 2554 diverso
506 2493 623 2572 crapula
645 2491 783 2570 conpesci
798 2491 940 2550 feritatem
956 2489 1067 2548 nimiam

6 2605 7 2612 ¹
70 2582 221 2661 frangique
244 2581 322 2640 virus
347 2587 411 2652 aut,
434 2578 482 2638 ubi
504 2578 587 2656 pigra
609 2577 712 2638 lenitas
734 2585 866 2654 torpeat,
890 2575 967 2633 virus
990 2571 1065 2632 addi.

70 2665 202 2744 Liguriae
216 2681 347 2728 maxume
365 2659 656 2742 Circumpadanisque
673 2663 772 2720 mustis
790 2659 926 2738 crapulae
941 2657 1047 2717 utilitas
1059 2662 1107 2718 125
1164 2668 1168 2676 ‘

27 2775 60 2820 30
71 2750 241 2810 discernitur
249 2751 306 2809 hoc
317 2747 403 2807 modo
415 2769 421 2806 :
435 2746 614 2826 pugnacibus
622 2751 722 2806 mustis
734 2744 870 2822 crapulae
879 2743 943 2821 plus
953 2741 1068 2814 inditur,

71 2834 182 2894 leuibus
199 2835 324 2913 parcius.
355 2841 419 2891 suut
436 2835 485 2910 qui
500 2850 538 2891 ex
551 2840 674 2909 utroque
692 2829 802 2888 condiri
817 2828 923 2901 velint,
940 2839 1067 2884 necnon

72 2918 142 2994 alia,
170 2936 243 2996 quae
270 2927 315 2978 est
341 2914 441 2999 mulsi,
472 2918 546 2994 pice.
586 2913 638 2973 Est
658 2922 756 2972 natura
789 2913 944 2988 vitiumque
973 2915 1065 2966 musto

72 3001 239 3081 quibusdan
262 3003 290 3062 in
316 3001 389 3062 locis
412 3001 514 3060 iterum
534 3007 638 3078 sponte
660 2997 793 3072 fervere,
825 3013 879 3074 qua
906 2991 1066 3052 calamitate

72 3085 185 3165 deperit
204 3104 311 3166 sapor,
337 3077 509 3164 v'appaeque
531 3082 637 3160 accipit
659 3098 762 3140 nomen
788 3078 961 3158 probrosum
983 3075 1067 3162 etiam

12 3163 229 3246 ⁴aphominum,
258 3187 322 3230 curn
345 3169 534 3246 degeneravit
561 3167 678 3226 animus.
720 3167 796 3226 aceti
821 3164 895 3222 enim
923 3159 1067 3238 nequitiae

71 3255 144 3315 inest
159 3257 248 3314 virtus
264 3270 383 3330 magnos
397 3255 433 3314 ad
447 3271 531 3329 usus,
550 3260 578 3312 et
594 3250 655 3308 sine
671 3251 733 3331 quis
744 3250 839 3320 mitior
854 3245 911 3334 uita
927 3243 993 3322 degi
1011 3257 1068 3300 non

71 3341 172 3417 possit.
202 3337 308 3398 Catero
322 3339 450 3398 vinorum
462 3335 657 3398 medicaminis
672 3343 748 3395 tanta
768 3349 835 3392 cura
849 3337 934 3388 estut
949 3329 1047 3387 cinere
1059 3335 1109 3390 126

70 3424 145 3503 apud
164 3423 303 3501 quosdam
323 3440 377 3482 ceu
397 3440 491 3502 gypso
505 3421 582 3504 ¹alibi
606 3419 754 3502 etquibus
772 3415 893 3476 diximus
909 3411 1000 3472 modis
1022 3411 1062 3470 in·
1074 3408 1109 3494 ’ἐξ
1164 3430 1167 3436 “

8 3507 10 3518 ’
120 3529 187 3568 nuru.
204 3529 267 3567 nnn.
282 3529 350 3566 ursr.
367 3510 398 3566 ll.
554 3555 559 3568 ,
675 3565 677 3575 ,
870 3496 906 3558 18
