2444 3908
165 165 206 228 56
499 175 540 234 c.
560 175 655 224 ronan
678 174 828 224 snconm

166 348 240 412 que,
256 329 466 392 leucrocottam
486 329 713 408 pernicissimam
733 328 824 390 leram
844 329 917 388 asini
937 329 1004 388 lere
1027 331 1178 406 magnitu-

166 415 244 490 dine,
261 414 391 474 elmibns
406 413 543 488 cervinis,
561 411 656 486 collo,
681 412 788 486 cauda,
809 421 930 490 pectore
949 412 1064 487 leonis,
1087 416 1180 492 caphe

167 499 292 576 melium,
309 497 419 558 bisulca
434 497 551 573 ungula,
568 511 620 556 ore
634 496 669 555 ad
681 497 758 556 auris
772 513 864 576 usque
881 497 1027 572 rescisso,
1045 497 1181 561 denda

125 593 159 648 ta
171 584 238 645 loco
250 601 319 642 osse
331 591 485 662 perpetuo.
493 580 616 642 -banc
625 579 717 640 ieram
728 569 864 642 numanis
875 597 969 640 voces
979 581 1115 640 manns
1126 583 1181 640 inni·

167 669 230 727 teri.
264 667 340 745 apud
363 665 481 726 eosdem
502 673 531 724 et
551 681 626 744 quae
647 673 769 724 vocatur
785 663 863 740 eale,
884 664 1095 740 magnitudine
1119 685 1146 724 e
1169 672 1179 699 ³

167 751 327 826 fluviatilis,
352 749 443 810 canda
457 749 620 826 elephanti,
644 748 745 808 colore
761 749 842 825 nigra
857 749 907 808 vel
922 749 1023 823 iulia,
1047 749 1184 809 maxilbt'

166 837 239 916 apri,
257 837 365 894 maiora
385 831 557 893 cubitalibus
574 849 681 892 cornua
703 831 815 892 habens
829 832 946 892 mobilia
963 851 1045 910 quae
1063 834 1184 895 ulter!

165 921 193 978 io
209 935 304 998 pugna
320 918 395 977 sistit
411 918 561 994 variatque
577 917 682 976 iniesta
696 925 744 976 aut
761 915 897 993 obliqua,
919 925 1086 995 utcumque
1109 920 1179 977 ratio

124 1003 346 1067 aemonstravit.
377 1033 418 1046 —-
452 999 505 1060 sed
536 1001 734 1060 atrocissimos
762 1009 861 1061 tauros
898 999 1050 1060 biluestris
1090 1004 1184 1061 rnn'aioe¹

165 1103 214 1146 res
230 1084 409 1162 agrestibus,
432 1084 590 1144 velocitate
605 1093 670 1144 ante
693 1084 802 1158 omnis,
820 1084 923 1144 colore
938 1082 1055 1156 fulvos,
1092 1109 1108 1137 o
1135 1110 1139 1135 t

166 1169 321 1244 caeruleis,
335 1168 394 1246 pilo
408 1169 435 1227 in
446 1169 620 1232 contrarium
634 1184 739 1243 verso,
758 1168 831 1227 rictu
846 1167 971 1228 adamis
984 1167 1173 1244 dehiscente,

165 1254 244 1314 iuxta
268 1268 375 1312 cornua
389 1252 515 1312 mobilia.
542 1254 653 1330 tergori
679 1253 782 1312 duritia
804 1252 895 1312 silicis
919 1268 1004 1312 omne
1023 1270 1172 1331 respue·

165 1337 278 1397 volnus.
310 1337 388 1396 ieras
409 1338 499 1396 omnis
520 1345 675 1409 venantur,
703 1336 759 1414 ipsi
780 1351 837 1394 non
858 1336 943 1397 aliter
962 1354 1055 1414 quam
1079 1338 1184 1396 loreis.¹

125 1423 244 1500 iicapti
274 1422 388 1481 leritate
405 1438 520 1499 semper
534 1421 688 1479 intereunt.
718 1419 804 1498 Apud
821 1420 941 1482 eosdem
957 1421 1042 1480 nasci
1060 1420 1184 1481 Ctesias*

167 1505 266 1565 scribit
288 1521 372 1582 quam
398 1503 603 1564 mantichoram
630 1503 759 1582 appellat
780 1504 887 1582 triplici
913 1503 1041 1564 dentiam
1072 1505 1170 1565 ordine

167 1591 334 1668 pectinatim
349 1589 522 1662 coeuntium,
540 1587 615 1647 iacie
632 1595 662 1646 et
679 1587 814 1661 anniculis
829 1587 963 1663 hominis,
978 1587 1082 1647 oeulis
1093 1589 1170 1666 glan·

168 1673 221 1745 cis,
240 1671 341 1730 colore
356 1672 524 1749 sanguineo,
537 1677 664 1750 corpore
680 1671 785 1747 lconis,
799 1670 889 1731 cauda
901 1673 1073 1750 scorpionis
1087 1673 1170 1732 inodo

168 1755 280 1833 spicula
303 1755 484 1832 inligentenn,
507 1757 590 1814 vocis
608 1764 639 1814 nt
654 1756 679 1814 si
701 1757 857 1814 misceatur
885 1755 998 1815 lismlae
1027 1765 1061 1814 et
1085 1757 1170 1816 mbae

169 1848 343 1914 concentus,
363 1840 529 1900 velocitatis
551 1857 683 1915 magone,
698 1838 817 1898 'humani
839 1842 972 1916 corporis
987 1840 1037 1898 vel
1055 1840 1170 1917 praeci·

127 1928 160 1986 76
172 1941 229 2001 pue
238 1923 432 2002 adpetentem.
462 1923 545 2001 (31.)
567 1924 595 1982 in
608 1922 687 1983 ludia
704 1930 733 1982 et
746 1922 839 1982 boves
853 1923 954 1982 solidis
966 1923 1099 2000 ungulis,
1112 1925 1170 1984 trui-

169 2009 283 2081 cornis,
306 2017 334 2066 et
356 2006 448 2067 ieram
468 2007 581 2066 nomine
604 2007 666 2066 asin
683 2006 811 2074 hinnulei
833 2007 925 2085 pelle,
947 2007 1083 2085 pluribus
1104 2025 1168 2068 can·

170 2089 385 2169 didioribusquc
410 2090 545 2166 maculis,
562 2107 711 2151 sacrorum
733 2089 829 2150 Liberi
851 2089 950 2170 patrie.
983 2089 1091 2150 Orsaei
1107 2091 1169 2151 lndi

168 2177 265 2236 simias
280 2175 429 2236 candentis
450 2184 511 2235 toto
532 2192 658 2253 corpore
680 2184 829 2234 venantur.
861 2177 1048 2252 asperrimam
1071 2185 1174 2250 antem·

68 2336 70 2342 Ι
168 2260 259 2321 leram
278 2269 511 2336 monocerotem,
526 2259 640 2336 reliquo
664 2276 789 2336 corpore
810 2275 886 2336 equo
911 2258 1045 2333 similem,
1069 2259 1167 2336 eapite

168 2362 268 2420 cervo,
285 2344 408 2423 pedibus
425 2343 597 2422 elephanto,
627 2342 717 2402 cauda
735 2359 823 2420 apro,
852 2344 959 2420 mugitu
976 2343 1079 2418 gravi,
1109 2359 1192 2402 usos

168 2446 258 2487 cornu
278 2430 361 2504 nigro
388 2429 482 2488 media
505 2427 599 2486 fronte
622 2425 782 2486 cubitorum
798 2426 884 2486 dnum
906 2428 1058 2485 eminente.
1092 2426 1166 2486 hanc

168 2511 258 2570 leram
274 2512 368 2570 vivam
385 2519 491 2585 negant
510 2511 584 2586 capi.

127 2597 160 2654 ti
231 2590 314 2670 (32.)
335 2592 420 2669 Apud
435 2589 595 2668 llesperios
608 2593 768 2673 Aethiopas
784 2594 849 2654 lons
866 2603 911 2652 est
926 2593 1033 2671 Nigris,
1055 2603 1085 2652 ut
1102 2595 1163 2672 ple·

127 2675 252 2750 serique
279 2675 506 2748 existumarem,
529 2673 587 2735 Nili
613 2687 707 2755 capnt.
747 2687 913 2754 argumenta
938 2695 1013 2756 quae
1040 2677 1162 2738 diximus

169 2756 354 2833 persuadent.
379 2759 457 2818 iuxta
473 2758 548 2818 hunc
562 2758 624 2820 iera
653 2761 818 2838 appellatur
833 2761 1019 2839 catoblepas,
1047 2762 1193 2826 modicas

169 2839 276 2917 alioqui
299 2843 464 2920 ceterisque
488 2843 624 2904 memhris
651 2846 745 2918 iners,
767 2854 854 2923 caput
875 2853 982 2904 tantum
1001 2863 1161 2924 praegrave

51 2977 53 2982 .
167 2941 259 3001 aegre
276 2923 385 2984 ferens.
419 2927 447 2986 id
474 2928 619 2988 deiectum
639 2947 756 3008 semper
781 2931 809 2986 in
835 2937 949 2988 terram.
983 2927 1054 2988 alias
1075 2930 1158 2988 iuter-

168 3009 243 3068 nioio
272 3005 384 3068 humani
406 3013 523 3088 generis
548 3012 678 3072 omnibus
700 3013 866 3090 quioculos
887 3013 950 3071 eius
970 3013 1070 3071 ridere
1092 3031 1157 3072 con·

168 3093 263 3152 lestim
278 3094 501 3170 exspirantibus,
634 3155 637 3166 ,

21 3247 23 3260 Ι
126 3182 160 3239 te
229 3177 312 3256 (33.)
341 3175 450 3238 Eadem
473 3187 502 3238 et
523 3179 651 3239 basilisci
676 3181 820 3256 serpentis
848 3171 969 3237 estiis.
1002 3176 1189 3253 Cyrenaicum

167 3259 241 3320 hanc
269 3270 391 3338 generat
412 3265 576 3340 provincia,
608 3263 759 3323 duodecim
781 3279 839 3321 non
866 3262 989 3340 amplius
1011 3261 1156 3338 digitomm
1195 3275 1199 3283 ‘

166 3346 369 3422 magnitudine,
387 3344 508 3407 candida
527 3347 554 3407 ia
569 3348 664 3424 capite
679 3345 790 3406 macula
812 3355 841 3405 ut
857 3347 980 3424 quodam
1002 3345 1155 3406 diademate

166 3428 316 3504 insignem.
346 3431 433 3492 sibilo
456 3430 547 3491 omnis
572 3429 653 3506 lugat
675 3430 829 3507 serpentis,
848 3448 905 3489 nec
919 3429 996 3488 bera
1012 3429 1155 3508 multiplici
