2444 3908
142 199 183 259 'lo
489 207 519 254 c.
535 207 629 254 enum
642 207 792 294 sncuxnr

143 364 228 423 etiam
244 362 416 438 magisteria.
449 359 566 420 Gertnm
585 371 630 420 est
651 363 728 420 iuxta
749 357 842 420 Nilum
865 375 977 418 amnem
997 360 1138 418 currentis

143 446 287 520 lambere,
312 464 348 504 ne
374 445 588 505 crocodilorum
616 444 741 504 aviditati
762 445 946 504 occasionem
966 442 1142 520 praebeam

104 539 154 594 149
163 529 269 588 ludium
291 530 400 608 petenti
411 527 580 588 Alexandro
592 527 696 604 llagno
705 547 758 586 rex
770 526 911 591 Albaniae
927 525 1008 586 douo
1020 525 1141 586 dederat

143 613 514 690 inusitatae-magnitudinis
537 631 635 685 unum,
655 613 735 670 cuius
757 613 859 690 specie
879 609 1046 672 delectatus
1061 611 1142 669 inssil

142 714 237 772 ursos,
253 715 321 759 mox
336 714 424 775 apros
444 705 472 754 et
488 696 591 756 deinde
608 695 704 756 damas
720 695 809 753 emitti
828 701 994 770 contemptu
1011 693 1157 753 inmobilis

141 782 252 840 iacente
278 797 330 854 eo,
360 797 416 856 qua
431 781 554 856 segnitia
583 781 650 838 tanti
676 780 809 858 corporis
831 777 960 836 offensus
982 778 1144 855 imperator

141 864 280 941 generosi
295 864 410 940 spiritus
424 864 545 921 interimi
561 881 624 922 eum
636 863 725 921 iussit.
755 863 892 922 nuntiavit
905 859 961 919 lroo
975 861 1056 920 lama
1071 862 1143 938 regi

141 949 239 1025 itaque
258 946 378 1006 alterum
395 947 509 1004 mittens
532 946 637 1006 addidit
657 945 803 1020 mandata,
825 962 861 1003 ne
885 945 914 1003 in
935 946 1036 1022 parvis
1053 963 1144 1022 expe·

141 1032 191 1090 riri
212 1029 304 1090 vellet
319 1030 372 1088 sed
393 1031 420 1087 iu
441 1030 528 1088 leone
548 1029 750 1107 elephantove.
778 1029 850 1088 duos
873 1027 926 1087 sibi
952 1028 1066 1102 inisse,
1090 1028 1145 1087 hoc

101 1115 332 1190 lcointerempto
356 1123 510 1191 praeterea
525 1114 631 1172 nullum
651 1113 725 1172 iore.
754 1130 809 1171 nee
829 1111 938 1172 distulit
958 1112 1144 1186 Alexander,
1152 1127 1170 1166 u

142 1197 317 1273 leonemque
343 1197 464 1257 fractum
486 1199 614 1274 protinus
643 1197 722 1256 vidit.
752 1205 856 1274 postea
877 1195 1067 1273 elephantum
1090 1197 1145 1255 ius·

144 1281 181 1339 sii
196 1281 308 1356 induci,
329 1282 396 1340 haut
415 1280 472 1340 alio
489 1283 580 1358 magis
603 1279 773 1359 spectaculo
788 1280 922 1340 laetatus.
956 1279 1146 1338 horrentibus

144 1365 251 1443 quippe
266 1365 342 1424 villis
360 1383 413 1442 per
433 1374 521 1423 totum
545 1383 651 1442 corpus
667 1366 775 1439 ingenti
796 1365 915 1442 primum
940 1362 1049 1422 latratu
1073 1365 1145 1422 into·

141 1449 212 1522 uuit,
224 1467 350 1526 moxque
366 1449 487 1506 increvit
502 1449 646 1508 adsultans
663 1457 821 1525 contraque
836 1445 964 1506 membra
976 1464 1145 1523 exsurgens

141 1531 208 1590 hinc
230 1541 259 1590 et
286 1531 364 1591 illino
392 1531 494 1590 artifici
517 1533 697 1591 dimicatione
724 1548 779 1607 qua
800 1547 930 1590 maxume
959 1546 1036 1608 opus
1064 1539 1171 1589 essetis

143 1614 282 1672 infestans
298 1623 384 1691 alque
397 1615 523 1689 evitans,
541 1617 635 1676 donec
653 1615 770 1674 adsidua
790 1621 912 1673 notatam
930 1614 1080 1688 vertigiue
1097 1614 1145 1673 ad·

143 1696 214 1755 llixit
229 1696 265 1754 ad
281 1715 378 1756 casum
393 1699 455 1756 eius
468 1699 574 1758 tellure
590 1715 741 1758 concussa.

101 1790 151 1842 151
220 1779 303 1858 (62.)
325 1777 431 1840 Canum
446 1785 547 1857 generi
562 1782 605 1842 bis
622 1797 695 1842 auno
707 1790 814 1859 partus.
836 1781 910 1840 iusta
923 1779 959 1840 ad
971 1779 1147 1856 pariendum

143 1879 235 1924 annua
249 1872 339 1922 aetas.
365 1873 468 1940 gerunt
489 1873 599 1924 uterum
620 1866 776 1940 sexagenis
794 1862 905 1923 diebus.
935 1864 1061 1938 gignunt
1078 1881 1145 1923 oae-

143 1965 206 2021 cos,
225 1953 254 2004 et
272 1963 327 2024 quo
344 1947 471 2023 largiore
487 1949 598 2007 aluntur
620 1949 695 2008 lacte
719 1965 755 2007 eo
773 1947 927 2007 tardiorem
947 1947 1041 2004 'visum
1066 1949 1174 2006 acci-s

142 2032 232 2108 piunt,
250 2047 306 2088 uon
323 2039 418 2091 tamen
435 2049 565 2111 umquam
580 2032 654 2092 ultra
669 2033 835 2092 vicesimum
852 2033 971 2109 primum
989 2027 1069 2089 diem
1087 2049 1146 2090 uec

142 2122 208 2174 ante
225 2123 393 2192 septumum.
426 2117 539 2193 quidam
554 2116 680 2188 tradunt,
704 2117 728 2174 si
745 2133 816 2180 unus
837 2114 981 2190 gignatur,
997 2129 1080 2172 nono
1096 2115 1146 2174 die

143 2216 275 2273 caruere,
294 2201 318 2258 si
333 2199 454 2276 gemini,
472 2199 608 2274 decumo,
634 2199 760 2276 itemque
779 2201 808 2258 in
822 2197 953 2274 singulos
973 2197 1049 2256 adici
1075 2199 1146 2256 toti·

141 2281 206 2344 dem
227 2282 367 2344 tarditatis
390 2271 425 2343 ad
448 2283 542 2344 lucem
558 2285 636 2357 dies,
660 2292 689 2340 et
703 2282 738 2341 ab
761 2301 795 2342 ea
822 2299 896 2360 quae
918 2281 1023 2340 lemina
1044 2283 1086 2339 sit
1104 2301 1145 2341 ex

141 2367 296 2442 primipara
311 2367 409 2443 genita
424 2365 538 2426 Faunos
562 2367 650 2426 cerni.
687 2375 819 2443 optumus
839 2367 867 2424 in
890 2364 951 2423 ietn
968 2365 1016 2440 qui
1040 2367 1177 2428 novis-ss

142 2450 212 2506 sime
227 2465 348 2508 cernere
366 2451 466 2526 incipit
481 2460 528 2509 aut
544 2450 758 2526 quamprimum
775 2450 832 2508 fert
847 2450 875 2506 in
892 2447 986 2506 cubile
1003 2447 1073 2506 ieta.

99 2541 152 2592 152
223 2530 307 2607 (63.)
330 2530 438 2590 Rabies
459 2547 558 2591 eanum
581 2535 650 2592 sirio
668 2532 787 2593 ardente
806 2533 912 2592 homini
929 2530 1085 2608 pestifera,
1112 2541 1144 2590 ut

100 2611 282 2686 ,lqdiximum
307 2613 344 2670 ita
366 2615 470 2671 morsis
493 2614 571 2674 letali
595 2633 686 2692 aquae
709 2626 794 2676 metu.
825 2623 1003 2694 quapropter
1024 2612 1143 2674 obviam

140 2695 197 2754 itur
213 2711 266 2771 per
283 2709 356 2754 xxx
374 2714 426 2756 eos
444 2697 525 2772 dies,
544 2699 706 2774 gallinaceo
722 2716 852 2760 maxume
871 2699 936 2758 limo
957 2697 1076 2756 inmixto
1093 2715 1141 2758 ca-

140 2795 206 2838 uum
221 2777 292 2836 cibis
307 2788 369 2854 aut,
389 2781 413 2838 si
429 2784 613 2858 praevenerit
636 2783 763 2858 morbus,
779 2792 906 2842 veratro.
930 2783 981 2840 41.
1007 2799 1022 2840 a
1038 2798 1176 2840 morsum

139 2879 212 2922 vero
235 2863 347 2921 unicum
366 2865 521 2928 remedium
536 2867 655 2926 oraculo
679 2867 802 2943 quodam
822 2883 915 2944 nuper
930 2873 1077 2943 repertum
1094 2883 1140 2923 ra·

98 2955 150 3008 153
158 2946 207 3006 dix
222 2945 365 3004 silvestris
388 2965 473 3008 rosae
489 2967 563 3028 quae
585 2950 747 3024 cynorroda
769 2950 942 3029 appellatur.
975 2946 1140 3008 Columella

140 3038 323 3104 auctorest,
350 3029 374 3088 si
404 3033 624 3110 quadragesimo
651 3034 698 3094 die
720 3036 860 3111 quamsit
891 3041 973 3092 uatus
995 3041 1140 3092 castretur

138 3131 234 3174 morsu
248 3113 337 3172 cauda
349 3132 532 3194 summusque
541 3118 603 3176 eius
618 3117 755 3178 articulus
771 3118 928 3191 auferatur,
946 3116 1060 3193 insequi
1072 3133 1138 3174 ner-

139 3213 213 3254 vom.
238 3206 375 3275 exempto
390 3216 445 3258 nec
463 3201 580 3260 caudam
598 3219 736 3262 crescere
752 3221 807 3260 uec
823 3219 911 3260 canes
929 3195 1046 3258 rabidos
1063 3199 1136 3258 fieri.
1147 3215 1174 3254 as

141 3273 246 3338 Canem
264 3280 388 3340 locutum
404 3283 431 3340 in
445 3284 596 3360 prodigiis,
617 3286 692 3362 quod
711 3287 844 3363 equidem
865 3283 1071 3354 adnotaverim,
1087 3300 1136 3342 ac·

140 3362 267 3456 cepimus
287 3376 317 3425 et
338 3375 503 3445 serpentem
523 3368 660 3444 latrasse,
686 3369 867 3446 compulsus
890 3376 940 3427 est
953 3383 1044 3444 reguo
1064 3365 1136 3425 l'ar·

137 3457 257 3518 quimus.
