2482 3910
294 211 401 257 ιιι.
417 210 508 260 ursa.
526 211 587 260 ιιι
604 207 689 264 t-c.
713 199 864 285 (ιι-ιο.)
1027 201 1089 265 213

85 365 170 440 dum,
191 364 325 426 dentibus
343 364 467 442 fragile,
492 365 695 443 amplissimum
715 367 797 425 uncis
818 365 977 428 abellanae
984 370 1091 446 magni·

86 449 198 522 tudine,
216 450 251 510 ad
266 447 427 508 medicinae
441 457 547 509 tantum
562 467 653 508 usum

149 531 239 614 (18.)
258 532 441 592 Goutcrmina
452 531 532 592 ludis
549 551 621 611 gens
636 534 745 594 Ariane
756 533 930 612 appellatur,
947 537 993 594 oui
1007 539 1135 615 spinato

84 617 205 678 lacrima
219 618 365 695 pretiosa,
378 633 490 677 murrae
504 618 621 693 similis,
634 635 759 678 accessu
774 627 896 698 propter
909 617 1029 679 aculeos
1043 631 1105 684 ιιι-ι

58 703 147 761 axio.
177 701 218 760 ibi
240 711 270 761 et
283 701 383 761 frutex
395 701 537 780 pestilens
548 701 672 780 raphani
689 701 762 762 lolio
784 701 873 777 lauri,
893 701 984 762 odore
999 721 1092 782 equos

83 786 242 861 invitante,
266 785 313 864 qui
336 801 430 863 paene
452 787 580 864 equitatu
600 785 713 845 orbavit
726 785 923 848 Alexandrum
943 787 1035 864 primo
1051 789 1091 850 in·
1146 819 1149 832 ι

82 870 190 944 moiun,
208 869 285 946 quod
301 877 332 928 et
349 871 378 928 iu
392 866 531 930 Gedrosis
551 869 665 930 accidit
697 869 768 929 item
791 868 893 929 laureo
909 868 982 930 lolio
1003 879 1033 930 et
1051 871 1135 938 ibist

84 955 170 1032 spina
187 954 290 1014 tradita
310 961 356 1012 est
371 953 450 1012 cuius
471 953 567 1031 liquor
580 953 737 1032 adspersus
758 953 851 1012 oculis
867 954 1057 1014 ιιιιιιίιιιιιιι
1049 973 1089 1014 ιιι-

82 1037 179 1096 ferret
194 1036 325 1096 omuibus
335 1035 511 1097 animalibus.
538 1053 595 1096 nec
605 1053 663 1096 non
675 1047 705 1096 et
722 1035 812 1097 herba
828 1038 977 1137 praecipui
995 1038 1092 1101 odoris

43 1119 199 1181 aoreiertu
219 1121 332 1180 minutis
351 1119 536 1198 serpentibus
556 1137 675 1198 quarum
692 1123 753 1181 ictu
767 1122 897 1199 protinus
915 1123 1092 1183 moriendum

85 1213 177 1265 esset.
209 1203 389 1264 Onesicritus
405 1204 521 1264 trudit
512 1220 541 1263 ιιι
554 1204 715 1280 Hyrcaniae
738 1205 919 1266 convallibus
941 1206 997 1266 fico
1016 1205 1091 1268 simi·

84 1290 123 1349 lis
140 1305 206 1348 esse
216 1288 342 1356 ,arbores
362 1305 436 1366 quae
455 1297 597 1348 vocentur
614 1288 715 1364 neubi,
740 1289 896 1366 exquibus
913 1289 1020 1350 delluat
1034 1288 1092 1348 mei

83 1373 166 1432 boris
181 1373 325 1432 matutinis
341 1371 462 1433 duabus.
697 1417 704 1429 .

151 1456 180 1516 9
204 1457 288 1536 (19.)
311 1455 413 1515 Vicina
430 1465 475 1516 est
484 1455 672 1531 Bactriana,
663 1474 691 1514 ιιι
707 1473 763 1534 qua
778 1456 917 1516 bdellium
931 1455 1090 1518 laudatissi-
1099 1465 1133 1520 35

45 1557 73 1598 ιι
83 1559 170 1600 mum.
200 1539 334 1600 Arbor
306 1557 388 1618 nigra
399 1549 444 1599 est
455 1540 648 1617 magnitudine
665 1540 761 1614 oleae,
777 1540 848 1600 lolio
860 1538 986 1615 roboris,
998 1539 1093 1600 fructu

85 1624 225 1702 caprifici.
262 1625 319 1703 ipsi
339 1633 439 1684 natura
460 1641 535 1702 quae
559 1625 669 1684 cummi.
709 1624 757 1684 alii
776 1623 907 1700 brochon
932 1623 1091 1703 appellant,
1123 1645 1127 1654 ’
1161 1675 1162 1684 ,

83 1709 135 1768 alii
151 1708 326 1784 malatham,
344 1707 392 1768 alii
411 1709 577 1783 maldaoou‚
596 1710 707 1786 nigrum
722 1725 794 1768 voro
809 1717 839 1768 et
854 1710 882 1768 iu
897 1708 972 1768 offas
984 1724 1091 1770 convo·

83 1793 174 1852 lutum
190 1792 382 1852 badrobolon.
413 1810 481 1852 esse
499 1801 594 1853 autem
609 1791 697 1852 debet
711 1792 869 1868 tralucidae
885 1792 978 1854 simile
994 1809 1091 1867 cerae,
1117 1837 1120 1845 .

84 1877 237 1955 odoratum
253 1885 298 1952 et,
319 1877 516 1953 enutrietur,
539 1879 663 1957 pingue,
684 1886 770 1953 gustu
789 1895 914 1948 amarum
936 1877 1007 1936 citra
1023 1893 1090 1936 aco·

46 1980 73 2021 ao
82 1977 157 2020 rem.
186 1961 213 2018 in
229 1961 320 2020 sacris
332 1962 399 2019 vino
416 1961 562 2038 perfusum
576 1962 733 2021 odoratius.
763 1963 891 2021 nascitur
904 1962 973 2021 etin
985 1959 1092 2020 Arabia

82 2043 224 2122 indiaque
245 2053 275 2103 et
286 2043 381 2104 Media
395 2061 430 2104 ac
444 2044 602 2119 Babylone.
637 2045 724 2121 aliqui
743 2047 903 2126 peraticum
917 2051 1024 2104 vocant
1034 2060 1092 2120 per

82 2126 209 2190 Mediam
222 2127 382 2188 advectum.
419 2128 550 2204 fragilius
563 2128 620 2187 boo
635 2136 664 2186 et
680 2129 839 2186 crustosius
855 2127 1046 2202 amariusque,
1063 2131 1135 2189 attis

82 2212 213 2272 Indicum
229 2212 350 2271 umidius
365 2220 394 2270 et
411 2213 623 2271 cumminosum.
648 2209 826 2270 adulteratur
838 2209 989 2285 amygdala
1004 2225 1089 2268 nuce.

85 2305 186 2356 cetera
210 2296 271 2355 eius
294 2313 402 2372 genera
431 2295 542 2354 cortice
566 2302 595 2352 et
616 2295 769 2354 scordasti.
805 2295 843 2352 ita
863 2300 984 2352 vocatur
1005 2290 1092 2350 arbor

47 2379 201 2441 etaemulo
219 2380 331 2439 cummi.
363 2377 415 2438 sed
432 2378 703 2457 deprehenduntur,
726 2377 804 2456 quod
826 2376 916 2438 semel
934 2375 1044 2436 dixisse
1062 2383 1092 2436 et
1165 2416 1168 2424 f

84 2467 114 2524 in
133 2473 250 2522 ceteros
265 2464 373 2523 odores
395 2463 464 2522 satis
481 2465 534 2539 ιιι
552 2463 660 2537 odore,
682 2460 801 2536 colore,
823 2460 970 2540 pondere,
993 2467 1091 2536 gustu,

84 2550 164 2626 igue.
196 2547 311 2607 Bnotrio
327 2547 404 2606 nitor
420 2549 517 2606 siccus
532 2547 669 2624 multique
688 2546 800 2606 candidi
815 2561 943 2624 ungues,
961 2552 1091 2622 praeter·

85 2651 122 2692 ea
138 2649 222 2690 snum
230 2632 344 2709 pondus
355 2647 414 2708 quo
426 2632 542 2707 marius
555 2646 635 2690 esse
641 2638 697 2690 aut
700 2630 793 2690 levius
813 2647 870 2690 nou
888 2628 1003 2690 debeat.
1026 2646 1091 2708 pre·

84 2718 155 2776 tium
173 2717 289 2774 sincero
305 2716 333 2780 iu
348 2714 437 2776 libras
452 2713 479 2774 X
493 2729 544 2775 111.
784 2733 787 2740 ’

50 2815 77 2856 ιο
151 2797 237 2877 (20.)
260 2797 359 2860 Gentis
385 2816 475 2878 supra
500 2799 591 2859 dictas
615 2797 714 2859 Persis
740 2797 869 2874 attingit,
891 2796 991 2858 Rubro
1010 2812 1090 2869 ιιιιι,
1099 2800 1134 2857 37

86 2883 165 2982 quod
181 2882 221 2942 ibi
233 2881 382 2944 Persicum
393 2885 559 2944 vocammus
567 2883 699 2960 flouge
691 2900 719 2941 ιιι
732 2889 839 2942 terram
856 2891 954 2942 aestus
965 2887 1134 2956 agentesque
1237 2905 1238 2936 ς

84 2968 158 3028 mira
173 2966 308 3028 arborum
323 2976 432 3028 natura.
458 2983 580 3046 namque
597 2983 701 3027 erosae
716 2965 777 3026 sale
793 2967 916 3026 invectis
931 2961 1091 3024 derelictis·

86 3069 158 3130 que
155 3043 309 3111 similes
286 3069 366 3112 succo
382 3051 469 3112 litore
484 3050 629 3112 radicibus
644 3043 732 3110 nudis
744 3051 919 3146 polyporum
932 3045 1019 3106 modo
1034 3061 1091 3108 atn—

85 3137 195 3214 plenae
216 3135 324 3196 sterilis
341 3136 468 3197 barenas
485 3143 660 3214 spectantur
694 3135 815 3195 eaedem
829 3133 899 3193 mari
920 3129 1093 3190 adveniente

51 3219 223 3282 aflectibus
243 3218 377 3298 pulsatae
396 3221 536 3280 resistunt
554 3217 715 3280 inmobiles.
754 3219 821 3297 quin
848 3223 878 3276 et
899 3214 988 3292 pleno
1009 3220 1091 3274 aestu

86 3305 260 3384 operiuntur
282 3312 379 3380 totae,
407 3304 586 3382 adparetque
608 3319 704 3362 rerum
731 3299 906 3397 argumentis
932 3297 1091 3375 asperitate

85 3401 225 3467 aquarum
235 3387 301 3448 illas
313 3388 362 3448 ali.
384 3387 548 3465 maqrritado
559 3387 684 3448 miranda
701 3394 747 3446 est
753 3384 894 3463 ‚species
910 3381 1009 3442 similis
1022 3397 1121 3440 une.

82 3473 171 3551 doni,
190 3489 306 3598 pomum
322 3472 481 3550 amygdalis
493 3480 591 3547 extra,
607 3471 682 3530 intus
697 3469 837 3530 contortis
851 3465 973 3528 nucleis.
