2444 3908
258 187 339 234 nar.
361 175 868 256 flrsu.vt111.15-16.(18-'-25·)
1020 175 1063 241 95
1121 251 1123 254 ,

61 359 125 404 rum
137 347 257 420 captura
269 350 314 402 ast
328 360 345 404 a
355 340 539 418 vergiliarum
551 343 654 405 exortu
665 342 701 408 ad
716 343 821 402 arcturi
833 360 976 404 occasum.
992 342 1061 403 reli-

62 439 121 504 quo
137 433 269 502 tempore
285 423 406 484 hiberno
419 425 508 486 latent
523 428 551 486 in
565 425 728 504 gurgitibus
743 426 805 486 imis
823 427 877 486 uisi
892 435 996 504 tepore
1011 427 1061 488 ali-

63 525 121 587 quo
140 509 255 567 evocati
276 517 324 568 aut
339 508 516 588 pleniluniis.
548 512 739 588 pinguescunt
758 518 787 568 et
807 510 954 570 intantum
967 519 996 569 ut
1011 511 1060 572 de-

61 591 186 666 hiscant,
202 593 260 652 vita
279 590 446 670 longissima
465 593 508 654 his
525 592 633 654 bienni.

38 689 50 730 ι
124 675 207 754 (21.)
224 674 338 738 Auiraal
354 686 398 736 est
412 693 530 754 parvom
542 679 705 756 scorpionis
717 678 827 756 effigie,
839 679 936 738 aranei
950 679 1056 752 magni·
1068 687 1103 742 54

61 759 169 818 tudine.
201 758 258 818 hoc
279 777 311 818 se
335 770 363 819 et
382 760 489 835 thynno
514 769 543 820 et
568 763 595 820 ei
610 763 659 840 qui
679 762 794 862 gladius
813 769 933 821 vocatur
955 760 1059 820 crebro

61 842 191 922 delphini
208 843 430 922 magnitudinem
460 844 614 906 excedenti
635 844 688 906 suh
712 847 797 924 pinna
819 843 919 920 adtigit
943 844 1058 920 aculeo,

60 934 200 1004 tantoque
222 926 338 988 infestat
352 927 472 1004 dolore,
495 937 525 991 ut
540 929 568 990 in
585 930 667 990 naris
688 945 899 1018 saepenumero
915 926 1058 991 exsiliant.

60 1010 140 1089 quod
156 1018 187 1070 et
202 1010 272 1070 alias
289 1011 397 1072 faciunt
410 1011 532 1088 aliorum
546 1015 603 1076 vim
627 1007 762 1074 timentes
775 1012 900 1090 mugiles
916 1029 1058 1086 maxume,

26 1109 51 1152 ιι
60 1101 117 1154 tam
143 1095 320 1172 praecipuae
341 1083 504 1157 velocitatis
525 1106 555 1155 ut
575 1106 740 1158 transversa
758 1097 872 1206 navigia
884 1096 997 1158 interim
1014 1114 1059 1154 su·

60 1178 234 1256 periaclent:

125 1261 174 1320 16
194 1259 278 1340 (22.)
302 1263 373 1322 Sunt
389 1272 418 1322 et
438 1265 467 1324 iu
484 1264 538 1324 hac
558 1272 640 1342 parte
659 1272 777 1323 naturae
800 1264 929 1340 auguria,
952 1251 1016 1322 suut
1031 1272 1102 1326 et55

59 1343 190 1421 piscihus
205 1345 361 1423 praescita.
393 1346 491 1409 Siculo
509 1345 589 1406 hello
605 1346 808 1410 ambulantem
824 1347 909 1406 litore
926 1345 1058 1423 Augusto

60 1427 154 1505 piscis
176 1446 192 1488 e
216 1430 286 1488 mari
308 1429 344 1490 ad
363 1430 456 1509 pedes
474 1431 535 1489 eius
553 1430 694 1505 exsilivit,
719 1447 777 1509 quo
793 1439 960 1506 argumento
976 1437 1059 1488 vates

25 1523 50 1566 ιι
58 1511 242 1591 respondere
261 1509 423 1592 Neptunum
438 1523 549 1592 patrem
560 1513 715 1592 adoptante
730 1523 789 1574 tum
804 1513 859 1574 sihi
874 1514 964 1576 Sexto
976 1512 1058 1573 Pom·

58 1597 200 1673 pelo,
158 1605 290 1656 tanta
308 1605 370 1658 erat
386 1597 497 1656 navalis
514 1600 557 1658 rei
573 1598 678 1676 gloria,
692 1629 734 1644 -
748 1597 800 1656 suh
816 1597 939 1676 pedibus
952 1593 1059 1658 Caesa·

59 1681 99 1740 ris
117 1679 228 1739 laturos
245 1680 292 1760 qui
307 1681 395 1740 maria
406 1689 538 1758 tempore
554 1681 605 1741 illo
621 1690 762 1741 tenerent.

82 1762 210 1842 (2.3)
232 1763 354 1840 Piscium
372 1763 495 1836 lemiuae
510 1768 635 1826 maiores
650 1783 734 1864 quam
749 1782 853 1826 mares
887 1767 915 1824 in
933 1763 1056 1842 quodam
1067 1733 1102 1828 56

58 1865 171 1925 genere
187 1847 299 1907 omnino
315 1865 372 1908 non
389 1856 452 1908 sunt
467 1867 572 1925 mares,
589 1850 662 1908 sicut
683 1849 710 1909 in
726 1849 864 1924 erythinis
886 1857 915 1908 et
932 1847 1058 1908 charnis.

24 1949 162 1992 momnes
179 1933 252 1990 enim
269 1933 331 1994 ovis
347 1933 483 2009 gravidae
501 1933 658 2013 capiuntur.
679 1932 980 2010 Vaganturgregatim
995 1931 1060 1992 iere

59 2018 201 2093 cuiusque
217 2016 335 2091 generis
352 2017 506 2094 squamosi.
538 2019 688 2095 capiuntur
705 2025 770 2078 ante
794 2017 865 2087 solis
882 2024 984 2076 ortum.
1002 2025 1060 2074 tum

57 2117 192 2160 maxume
210 2101 331 2177 piscium
347 2097 455 2158 fallitur
474 2102 561 2159 visus.
593 2100 727 2160 noctibus
739 2100 832 2178 quies,
846 2106 879 2158 et
893 2097 1059 2160 inlustribus

59 2202 155 2262 aeque
180 2201 262 2262 quam
284 2183 330 2242 die
354 2192 482 2242 cernunt
516 2182 602 2242 Aiunt
623 2191 653 2242 et
674 2184 699 2241 si
723 2191 832 2242 teratur
846 2199 956 2258 gurges
972 2181 1058 2240 iuter·
1115 2243 1120 2249 ,

59 2285 128 2326 esse
147 2255 297 2344 capturae',
312 2268 408 2344 itaque
425 2265 514 2344 pluris
531 2267 658 2326 secundo
671 2275 763 2326 tractu
777 2266 842 2343 capi
854 2282 939 2344 quam
954 2264 1057 2342 primo.

26 2350 152 2410 auGustu
171 2350 228 2409 olei
246 2367 395 2425 maxume,
415 2349 481 2409 dein
496 2348 615 2408 modicis
637 2348 774 2408 imbribus
791 2349 917 2426 gaudent
935 2345 1059 2408 aluntur-

60 2452 129 2512 que.
165 2435 272 2513 quippe
288 2443 318 2492 et
331 2431 504 2494 harundines
521 2433 650 2510 quamvis
664 2432 693 2492 iu
707 2432 814 2511 palude
829 2441 989 2512 prognatae
1001 2447 1059 2493 uon

59 2527 156 2578 tamen
182 2519 243 2576 sine
269 2516 360 2576 imbre
384 2517 563 2592 adulescunt,
592 2527 621 2576 et
635 2516 706 2578 alias
726 2516 897 2596 ubicumque
917 2516 1015 2594 pisces
1031 2515 1060 2573 iu

61 2603 163 2664 eadem
182 2619 256 2680 aqua
273 2601 394 2678 adsidui,
417 2603 441 2661 si
456 2618 514 2662 uon
528 2600 645 2676 adduat,
660 2601 864 2668 exanimantur.

126 2685 211 2764 (24.)
229 2684 428 2766 Praegelidam
445 2686 567 2748 hiemem
582 2703 683 2746 omnes
699 2686 833 2759 sentiunt,
859 2684 912 2745 sed
929 2687 1101 2746 maxumetrl

23 2789 50 2832 oo
60 2771 109 2852 qui
129 2769 279 2847 lapidem
270 2788 298 2830 ιιι
314 2771 409 2848 capita
426 2769 535 2844 habere
551 2772 766 2843 existumantur,
782 2777 812 2830 ut
833 2767 905 2845 lupi,
923 2767 1059 2842 chromis,

59 2855 195 2930 sciaena,
219 2853 332 2932 phagri
363 2872 426 2914 cum
441 2871 564 2932 asperae
579 2853 689 2912 hiemes
708 2851 803 2925 luere,
820 2850 899 2913 multi
916 2853 996 2912 caeci
1012 2867 1058 2910 ea·

60 2939 186 3037 piuntur
222 2940 318 3017 itaque
339 2937 389 2998 his
404 2937 549 2997 mensibus
574 2939 668 2997 iacent
685 2935 832 3012 speluncis
849 2935 967 3009 conditi,
987 2934 1060 2992 sieut

60 3025 88 3082 in
107 3024 289 3084 terrestrium
305 3039 416 3100 genere
430 3021 589 3096 retulimus,
605 3037 735 3086 maxume
751 3018 891 3098 hippurus
908 3027 937 3078 et
953 3034 1058 3076 cora·
1041 3014 1102 3055 ⁸¹²⁸

60 3107 117 3168 cini
141 3107 236 3168 hieme
260 3123 318 3167 non
351 3105 426 3184 capti
455 3114 658 3184 praeterquam
685 3102 766 3162 statis
788 3102 890 3163 diebus
910 3101 1010 3181 paucis
1031 3107 1061 3158 et

23 3189 166 3252 asiisdem
186 3208 321 3268 semper,
347 3190 415 3249 item
429 3205 546 3248 murena
563 3196 592 3247 et
609 3186 734 3264 orphus,
763 3204 889 3264 conger,
906 3201 1014 3263 percae
1031 3191 1061 3242 et

61 3275 203 3336 saxatiles
232 3291 341 3333 omnes.
378 3282 457 3334 terra
473 3271 604 3352 quidem,
633 3271 690 3330 hoc
706 3279 752 3331 est
767 3270 842 3332 vado
866 3271 952 3328 maris
974 3284 1059 3326 exca-

61 3367 143 3434 vato,
161 3357 246 3420 condi
264 3376 318 3436 per
328 3355 441 3417 hiemes
456 3355 646 3436 torpedinem,
661 3361 795 3432 psallam,
811 3353 921 3414 soleam
936 3350 1058 3412 tradunt.

126 3441 212 3523 (25.)
236 3439 356 3526 Quidam
371 3458 469 3500 rursus
486 3448 583 3502 aestus
599 3439 764 3518 inpatientia
779 3437 880 3499 mediis
896 3433 1103 3499 fervoribus&
