2482 3910
170 199 230 260 146
443 193 452 212 ‘
517 207 547 256 o.
567 205 663 254 ιιιιι
684 204 833 254 saeuum

169 363 229 424 ellit
252 379 318 424 ors.
359 361 470 424 'l'ribnit
492 362 549 422 boo
571 362 665 420 arium
684 361 789 438 generi
806 367 906 419 satura
926 369 957 420 ut
979 359 1162 422 fecundiores

169 457 268 508 essent
279 447 404 524 iugaoes
420 463 517 506 earnm
533 461 616 524 ιιιιιι
630 444 733 502 fortes.
762 443 890 520 pluruma
906 445 1018 522 pariunt
1040 446 1161 505 stmtbo-

169 531 281 606 cameli,
296 530 433 608 gallinae,
449 529 595 607 perditos,
607 527 672 588 soli.
699 524 799 586 Goitos
815 527 916 588 avibus
931 527 1044 588 dnobus
1059 530 1160 606 modis,

169 615 274 674 iesaiua
289 615 459 674 oonsiulente
472 612 548 672 banni
559 619 589 670 nt
599 612 628 670 in
638 609 764 688 gallinis,
777 619 826 670 eat
839 619 932 670 ιιιιιι
946 620 978 670 ιιι
992 613 1021 670 in
1032 613 1159 688 gruibus.

128 707 180 760 tis
246 697 330 776 (tt.)
353 696 479 756 Ovorum
499 696 555 756 alia
574 703 639 754 sunt
654 694 792 769 eandida,
814 703 845 753 ut
863 694 1015 770 eolumbis,
1040 697 1181 773 per-diois

168 781 234 857 bus,
249 782 305 842 alia
323 780 447 858 pallida,
471 789 500 840 ut
514 779 665 856 aqnetiais,
685 779 742 838 alio
760 779 872 857 ponetis
896 778 1038 853 timiama,
1053 789 1086 840 nt
1104 799 1160 840 me

168 866 337 942 leagridum,
353 864 408 924 alia
424 862 503 922 rubri
523 862 648 937 eoloris,
673 871 703 922 nt
718 862 879 940 phasianis,
900 861 1056 923 oeuolrrirli.
1089 865 1161 923 intus

168 959 262 1009 autem
283 965 366 1010 omne
388 961 476 1006 ovorn
497 946 645 1006 voluerum
667 945 792 1021 bicolor,
835 946 975 1023 aquatiois
1001 947 1071 1006 lutei
1098 949 1161 1026 plus

167 1047 252 1110 quam
270 1030 339 1105 albi,
355 1031 443 1108 idque
456 1032 548 1109 ipsum
563 1031 656 1106 magis
670 1029 792 1096 luridum
806 1044 889 1108 qnam
900 1031 1015 1090 aeteus.
1043 1033 1161 1109 pierium

127 1125 256 1178 litorius
272 1114 366 1190 solor,
382 1116 485 1194 inquo
506 1114 574 1174 nibil
590 1114 713 1174 candidi.
744 1115 836 1174 avium
856 1130 911 1173 orn
932 1131 971 1174 ex
992 1115 1091 1174 ealore
1106 1115 1189 1176 irate

167 1197 247 1275 gilio,
263 1201 439 1277 serpentium
455 1217 493 1258 ex
506 1199 616 1276 frigore
632 1197 719 1272 lenta,
738 1199 858 1274 piscium
874 1216 912 1257 ex
926 1197 1040 1275 liquore
1055 1198 1160 1260 mollia.

166 1283 332 1361 aquatilium
346 1277 483 1361 rotunda,
504 1283 615 1360 reliqua
631 1281 693 1341 iere
714 1281 832 1357 fastigio
848 1283 1033 1342 oseaminata.
1056 1293 1161 1342 exeunt

167 1385 184 1426 a
199 1367 399 1428 rotundissima
414 1369 460 1426 soi
473 1377 566 1446 parte,
582 1367 648 1426 dum
663 1367 819 1442 pariuntur,
840 1365 919 1425 nolli
933 1368 1090 1444 potamine,
1110 1367 1160 1426 sed

168 1453 298 1528 protinus
323 1452 512 1526 duresoente,
543 1450 768 1530 quibuscumque
794 1459 943 1525 emergunt
971 1450 1160 1528 portionibus.

168 1553 242 1611 quae
257 1535 384 1611 oblonga
401 1537 456 1596 sint
473 1552 529 1594 ova
545 1534 682 1610 gratioris
698 1535 811 1610 saporis
828 1541 908 1611 putat
924 1532 1058 1594 lloratius
1079 1533 1159 1594 Flau-
1170 1555 1189 1595 ιι

169 1635 229 1675 ιιι.
245 1618 377 1683 feminam
390 1618 476 1678 edunt
486 1616 735 1695 quaerommliom
744 1619 909 1693 gignuntur,
922 1617 1034 1695 reliqua
1045 1635 1160 1679 maren.

167 1700 319 1760 umbilious
335 1703 399 1760 ouis
420 1701 600 1760 aaeeumiue
621 1693 716 1773 inest,
739 1717 793 1760 eeu
815 1707 894 1777 putta
919 1702 1048 1762 eminens
1068 1703 1098 1780 iq
1112 1719 1161 1781 pm

168 1785 281 1842 tamine.

127 1874 176 1928 146
246 1864 296 1928 53.
321 1863 466 1938 Quaedam
484 1867 560 1926 omni
576 1875 708 1945 tempore
724 1878 840 1944 coeunt,
863 1878 892 1928 ιιι
908 1869 1052 1946 gallinae,
1068 1878 1099 1928 et
1116 1887 1161 1946 pa·

168 1951 241 2008 riunt
262 1959 464 2029 praeterquam
487 1949 599 2010 duobus
621 1950 766 2012 mensibus
789 1953 890 2016 lriemis
911 1952 1098 2012 brumalibus.
1127 1969 1192 2011 ersa

168 2034 201 2092 iis
219 2035 360 2097 iuvencae
377 2035 458 2112 plora
473 2052 556 2112 qnam
565 2044 692 2109 veteres,
705 2036 758 2094 sed
769 2038 888 2111 minora,
901 2046 932 2096 ιι
944 2039 973 2096 in
988 2037 1093 2096 eodem
1105 2036 1163 2096 ietu

168 2118 258 2194 prima
274 2136 309 2178 ae
330 2119 494 2178 nouissima.
525 2128 571 2178 est
594 2127 688 2179 autem
715 2128 793 2179 tanta
813 2120 976 2180 ieeunlitas
999 2128 1030 2179 ut
1051 2120 1164 2198 aliquae

168 2211 196 2260 et
211 2220 358 2279 sexagena
374 2204 497 2281 pariant,
518 2203 632 2281 aliquae
648 2203 765 2277 eotidie,
782 2203 896 2282 aliquae
913 2203 957 2263 bis
974 2204 1032 2278 die,
1049 2203 1164 2281 aliquae

125 2294 174 2349 147
183 2287 332 2350 intantum
348 2297 381 2348 ut
395 2288 501 2348 effetae
513 2289 678 2346 nmrlautur.
699 2285 850 2347 llsulriauis
865 2288 928 2347 laus
942 2281 1083 2348 maxuma.
1109 2285 1164 2345 Go-

169 2369 283 2430 lumbae
301 2372 420 2431 uleoiens
436 2389 509 2432 anno
526 2373 648 2447 pariunt,
674 2371 814 2447 quaedam
830 2381 860 2430 et
873 2372 1041 2446 uudeoieus,
1062 2371 1092 2429 in
1107 2370 1195 2430 Aeso

166 2463 256 2529 gypto
272 2471 343 2512 vero
367 2457 452 2514 etiam
468 2454 588 2514 brumali
604 2454 713 2516 mense.
752 2453 916 2514 hirundines
940 2463 970 2513 et
989 2454 1120 2514 merulae
1137 2461 1166 2512 et

165 2534 292 2611 palumbi
308 2545 338 2595 et
354 2545 480 2596 turtures
498 2536 542 2596 bis
558 2554 632 2597 anno
647 2539 777 2616 pariunt,
802 2547 919 2598 oeterae
943 2555 1014 2598 aves
1035 2539 1101 2598 iere
1118 2556 1165 2596 sa·

165 2617 232 2676 mel.
262 2618 336 2678 turdi
354 2621 381 2678 in
404 2620 596 2680 oaouminibus
622 2621 755 2682 arborum
783 2622 844 2683 luto
868 2623 1047 2682 nidilioantes
1069 2635 1166 2700 paene

168 2702 339 2787 contextim,
356 2705 385 2762 iu
399 2719 522 2762 secessu
543 2715 692 2780 generant.
723 2706 749 2764 A
773 2708 850 2766 onitu
872 2706 974 2766 diebus
990 2706 1094 2766 deeem
1111 2722 1167 2764 ova

165 2792 360 2844 maturescunt
380 2788 408 2846 in
427 2796 521 2847 utero.
552 2791 665 2848 vexatis
687 2799 781 2849 autem
807 2790 932 2866 gallinae
958 2799 989 2849 et
1012 2789 1197 2850 oolumbaea

124 2877 176 2932 148
186 2869 269 2946 pinna
285 2869 386 2930 evolsa
403 2871 496 2932 aliaue
512 2871 597 2930 simili
612 2873 712 2932 iniuria
727 2875 843 2934 diutius.
866 2873 1003 2934 Omnibus
1024 2875 1090 2932 ouis
1108 2890 1167 2930 me-

166 2952 213 3012 dio
230 2951 322 3012 vitelli
341 2969 430 3031 parra
444 2957 518 3016 inest
536 2957 617 3016 velut
635 2959 790 3034 sanguinea
812 2967 909 3035 gutta,
933 2958 1011 3035 qood
1029 2975 1099 3016 esse
1117 2973 1170 3016 eor

167 3038 260 3095 avium
274 3038 460 3114 existumant,
483 3041 603 3118 primum
619 3043 647 3099 in
665 3045 739 3100 omni
753 3059 879 3121 corpore
903 3042 931 3101 id
949 3043 1030 3118 pigui
1045 3043 1167 3118 opinan-

166 3130 221 3180 ιιι.
254 3121 281 3180 in
300 3138 357 3181 ovo
375 3131 457 3182 certe
480 3134 559 3201 gutta
574 3143 609 3184 ea
636 3126 702 3196 salit
722 3127 911 3204 palpitatque.
947 3128 1039 3202 ipsum
1062 3121 1168 3183 animal
1231 3171 1232 3178 ,

168 3222 205 3263 ex
219 3205 286 3264 albo
302 3205 416 3283 liquore
434 3210 482 3266 ovi
498 3219 679 3286 eorporstur.
708 3210 791 3283 nibus
809 3212 871 3270 eius
889 3213 917 3269 iu
932 3209 1011 3270 luteo
1027 3218 1082 3268 est.
1107 3223 1199 3268 ιιι-ιι
1231 3201 1232 3266 f

167 3287 249 3346 uibus
265 3289 341 3348 intus
357 3300 443 3370 eaput
459 3294 549 3350 maius
565 3302 626 3354 toto
643 3311 780 3371 oorpore,
802 3295 881 3355 oooli
897 3295 1050 3372 oonpressi
1066 3293 1166 3370 eapite

166 3373 300 3432 maiores.
333 3376 517 3436 inarescente
539 3378 619 3454 pullo
644 3379 751 3438 aendor
773 3381 802 3438 in
822 3378 945 3438 medium
962 3375 1101 3450 vertitur,
1126 3376 1168 3435 lu·

125 3459 260 3514 alateum
284 3459 528 3522 oirsumiunditur.
559 3471 590 3520 ut
608 3463 747 3523 vicesimo
764 3465 809 3524 ulie
826 3470 976 3524 moveatur
990 3478 1087 3535 ovom,
1112 3461 1170 3518 iam
