2444 3908
129 223 187 282 114
467 230 497 279 e.
519 231 613 280 entur
638 229 788 278 securior

126 390 249 452 trahunt.
280 391 356 450 hunc
371 386 526 462 dimicans,
542 394 572 445 ut
586 386 622 444 sit
638 385 759 462 periculi
774 387 904 463 signum,
926 387 1010 447 laeva
1027 387 1132 464 quatit,

129 474 249 534 dextera
260 471 444 554 adprehenso
455 470 522 530 stilo
534 471 562 528 in
575 485 671 548 pugna
684 479 738 528 est.
755 470 885 529 modicus
896 472 967 531 alhas
979 480 1132 532 tractatus.

85 567 137 622 153
145 568 175 618 ut
191 577 285 638 prope
301 559 424 618 carinam
440 562 557 614 ventum
575 562 636 628 est,
652 554 705 612 nisi
721 554 888 633 praeceleri
902 557 930 614 ui
946 565 1071 634 reponte
1088 574 1132 615 ra·

127 644 222 722 piunt,
245 643 357 704 absumi
378 648 520 718 spectant.
550 655 586 696 ac
611 655 702 715 saepe
727 640 783 698 iam
807 639 940 698 subducti
962 659 979 698 e
1000 639 1134 699 manibus

128 726 311 801 auferuntur,
333 726 358 784 si
378 741 436 783 nou
456 722 628 783 trahentium
648 739 734 800 opem
752 723 930 800 conglobato
952 741 1083 802 corpore
1108 724 1160 781 ins

129 811 206 890 pilae
220 812 335 872 modum
353 809 409 886 ipsi
426 807 574 867 adiuvere.
606 806 779 885 protendunt
795 808 909 886 quidem
924 808 1058 868 tridentis
1073 807 1135 882 alii,

127 895 181 955 sed
197 903 326 955 monstro
348 891 480 951 sollertia
495 899 541 949 est
556 891 699 968 navigium
714 889 856 952 subeundi
878 902 964 972 atque
980 893 1020 952 ita
1038 911 1055 950 e
1072 901 1136 950 tuto

127 978 298 1058 proeliandi.
330 976 421 1036 omnis
438 992 511 1051 ergo
528 991 596 1034 cura
617 975 652 1034 ad
668 976 875 1053 speculandum
896 977 953 1037 hoc
968 975 1075 1036 malum
1094 978 1135 1034 iu·

127 1063 256 1122 sumitur.
300 1063 350 1122 47.
376 1060 536 1119 certissima
559 1069 604 1118 cst
625 1059 767 1119 securitas
787 1060 896 1120 vidisse
917 1061 1019 1140 planos
1042 1061 1136 1138 piscis

128 1148 176 1224 qui
191 1162 343 1225 numquam
363 1153 429 1202 sunt
451 1143 499 1202 ubi
519 1143 669 1204 maleficae
688 1143 816 1219 bestiae,
840 1163 895 1223 qua
916 1145 952 1205 de
969 1163 1057 1204 causa
1077 1147 1170 1204 urim

127 1237 229 1288 nentes
247 1247 349 1288 sacros
364 1229 514 1307 appellant
531 1245 594 1287 ecs.

15 1314 20 1318 ’
86 1321 138 1377 151
195 1315 278 1394 (71.)
309 1314 416 1374 Silicea
438 1322 513 1374 testa
537 1312 655 1373 inclusis
682 1312 829 1372 latendum
858 1321 904 1372 est
929 1313 1037 1372 nullum
1064 1331 1137 1374 esse

128 1415 254 1474 sensum,
271 1408 301 1458 ut
317 1393 435 1458 ostreis.
469 1397 564 1458 multis
583 1396 684 1458 eadem
700 1405 800 1456 natura
819 1413 894 1475 quae
910 1396 1017 1472 frutici,
1036 1407 1067 1456 ut
1082 1397 1136 1458 ho-

127 1482 274 1559 lcthuriis,
293 1481 493 1561 pulmonibus,
510 1481 613 1541 stellis.
646 1481 780 1558 adeoque
799 1479 868 1540 nihil
886 1497 947 1540 nou
962 1483 1093 1558 gignitur
1107 1484 1137 1540 iu

127 1568 198 1625 mari
224 1577 254 1626 ut
277 1583 472 1645 cauponarum
496 1566 581 1624 etiam
605 1565 715 1624 aestiva
735 1563 867 1624 animalia
882 1566 992 1642 pernici
1008 1565 1136 1628 molesta
1145 1584 1169 1625 1⁵

127 1649 202 1708 saltu
219 1659 267 1708 aut
281 1667 356 1726 quae
375 1650 496 1728 capillus
512 1666 643 1708 maxume
662 1649 739 1708 celet
754 1650 895 1708 exsistant
910 1659 940 1708 et
957 1650 1135 1726 circumglo-

117 1713 194 1791 'ltata
216 1749 304 1792 escae
324 1749 414 1810 saepe
438 1731 638 1807 extrahantur,
657 1749 731 1810 quac
753 1751 840 1792 causa
863 1750 992 1792 somnum
1010 1735 1137 1812 piscium

128 1817 241 1876 inmari
257 1815 390 1876 noctibus
406 1816 546 1876 infestare
562 1817 759 1878 existumatur.
791 1816 960 1895 quibusdam
974 1835 1047 1877 vero
1061 1819 1137 1896 ipsis

128 1900 328 1973 innascuntur,
345 1917 403 1977 quo
419 1901 582 1960 innumero
598 1899 708 1961 chalcis
725 1901 876 1979 accipitur.

88 1993 138 2046 155
199 1981 248 2044 48.
273 1983 357 2063 (72.)
386 1981 450 2044 Nec
471 2001 584 2044 venena
601 1995 717 2044 cessant
737 1985 814 2059 dira,
830 1988 904 2064 utin
920 1987 1022 2064 lepore
1039 1989 1089 2064 qni
1106 1989 1169 2046 inm

129 2065 229 2127 lndico
252 2069 322 2128 mori
339 2071 425 2129 etiam
440 2077 518 2128 tactu
536 2069 679 2147 pestilens
693 2071 830 2130 vomitum
853 2070 1136 2148 dissolutionemque

128 2153 269 2213 stomachi
284 2155 414 2232 protinus
431 2162 527 2228 creat,
551 2155 579 2213 in
598 2164 698 2214 nostro
722 2155 781 2213 olla
805 2155 934 2214 informis
952 2155 1054 2214 colore
1072 2163 1135 2216 tan·

127 2245 185 2296 tum
201 2236 296 2316 lepori
318 2238 437 2314 similis,
458 2239 487 2296 in
510 2235 588 2298 Indis
610 2248 639 2298 et
656 2239 850 2315 magnitudine
868 2249 899 2299 et
917 2239 994 2317 pilo,
1016 2239 1138 2298 duriore

127 2330 241 2381 tantum.
273 2340 328 2383 nec
343 2324 426 2383 vivos
444 2321 484 2381 ibi
500 2324 620 2401 capitur.
648 2322 752 2400 Aeque
765 2323 934 2400 pestiferum
951 2323 1138 2384 animatam·

127 2423 199 2464 neus
215 2407 315 2482 spinae
331 2407 359 2466 in
376 2407 464 2467 dorso
481 2407 586 2466 aculeo
602 2408 716 2468 noxius.
749 2407 802 2466 sed
817 2407 925 2466 nullum
945 2425 1066 2486 usquam
1081 2423 1169 2467 err-as

128 2487 302 2548 secrabilius
328 2508 412 2567 quam
437 2489 535 2548 radius
563 2509 652 2568 super
683 2491 802 2551 caudam
834 2493 963 2550 eminens
988 2493 1135 2568 trygonis,

129 2587 213 2646 quam
235 2574 327 2632 nostri
341 2573 518 2650 pastinacam
538 2574 701 2652 appellant,
719 2576 912 2653 quincunciali
926 2577 1135 2653 magnitudine.

129 2652 251 2712 arbores
266 2655 369 2715 iniixus
385 2655 476 2715 radici
495 2666 596 2732 necat,
612 2675 688 2717 arma
704 2668 733 2717 ut
753 2660 842 2719 telum
858 2659 990 2738 perforat
1011 2662 1039 2718 vi
1063 2659 1138 2719 ierri

129 2745 159 2798 et
174 2739 278 2798 veneni
294 2739 380 2799 malo.
775 2781 777 2785 -

86 2829 138 2886 156
194 2821 245 2882 49.
274 2822 358 2900 (73.)
391 2823 511 2886 llorbos
531 2827 665 2886 universa
685 2845 794 2903 genera
814 2829 952 2906 piscium,
979 2837 1010 2887 ut
1032 2835 1169 2888 eeteratt

130 2905 261 2966 animalia
279 2909 364 2966 etiam
382 2909 464 2986 iera,
489 2927 547 2970 non
565 2912 723 2988 accipimus
745 2913 863 2971 sentire.
906 2931 1006 2972 verum
1026 2930 1133 2989 aegro·

128 2999 191 3051 tare
209 2991 340 3067 singulos
355 2994 534 3054 manifestum
551 2993 622 3053 iacit
637 2995 797 3072 aliquorum
813 2998 939 3072 macies,
957 3015 1021 3056 cum
1036 2998 1065 3056 in
1078 3013 1133 3056 eo·

128 3075 194 3135 dem
208 3093 318 3152 genere
336 3078 532 3154 praepingues
548 3079 596 3138 alii
613 3081 771 3158 capiantur.

87 3165 138 3221 157
195 3160 245 3219 50.
269 3159 352 3237 (74.)
376 3159 505 3232 Quonam
525 3163 611 3222 modo
630 3173 788 3240 generent,
805 3164 981 3224 desiderium
996 3175 1027 3224 et
1044 3166 1132 3225 admi·

128 3244 202 3303 ratio
221 3243 363 3303 homiuum
383 3244 492 3304 dillerri
512 3262 570 3305 non
594 3249 708 3324 patitur.
748 3249 849 3309 Pisces
871 3250 967 3309 attritu
990 3250 1170 3308 ventriumis

130 3336 234 3387 coeunt
257 3336 333 3387 tante
350 3327 500 3389 celeritate
521 3338 551 3389 ut
572 3333 663 3390 visum
683 3332 801 3407 fallunt,
826 3333 953 3411 delphini
972 3333 1133 3410 etreliqua

131 3417 195 3468 cete
212 3410 297 3471 simili
312 3412 397 3472 modo
414 3421 443 3472 et
460 3414 546 3492 paulo
567 3415 681 3474 diutius.
713 3416 819 3475 femina
841 3418 930 3495 piscis
950 3417 1043 3475 coitus
1061 3425 1132 3475 tem-

129 3506 209 3568 pore.
217 3511 324 3556 marem
340 3499 469 3575 sequitur
483 3506 612 3558 ventrem
629 3500 691 3559 eius
706 3509 802 3559 rostro
820 3501 949 3580 pulsans.
979 3499 1032 3558 suh
1047 3509 1132 3578 partu
