2482 3910
118 243 122 246 .
172 197 229 258 170
521 205 551 256 c.
568 205 664 257 ιιιιιι
680 203 829 254 suenum

169 371 324 441 praeterea
349 377 450 420 omnes
476 377 564 420 carne
592 367 748 419 vescuntur
773 366 874 419 contra
897 375 982 439 qaam
1004 376 1075 437 apes
1097 361 1186 439 quae

169 447 275 508 nullum
292 463 401 525 corpus
423 444 573 522 attingunt.
608 442 660 504 sed
676 461 788 522 vespae
804 460 918 506 muscas
932 443 1105 520 grandiores
1125 463 1177 506 ve·

126 539 284 605 leuantur,
303 536 449 608 amputato
466 528 500 588 iis
516 528 612 606 capite
631 527 774 605 reliquom
795 543 902 605 corpus
922 528 1063 589 auferunt.
1102 525 1177 590 Gra·

169 615 288 676 bronum
305 613 455 674 silvestres
471 612 500 670 in
515 611 649 671 arborum
666 613 798 672 cavernis
815 611 940 688 degunt,
964 612 1059 675 luienre
1078 622 1108 672 ut
1126 631 1176 674 oe·

169 708 232 760 tera
247 701 358 759 insecta
377 695 553 770 conduntur,
576 697 633 754 vita
651 695 785 756 bimatum
806 713 864 756 non
880 697 990 757 transit.
1028 697 1103 758 ictus
1122 712 1199 757 ιιι-ι

167 803 229 844 rum
250 784 318 844 haut
339 791 450 840 temere
473 782 535 841 sine
555 779 631 839 iebri
654 789 709 839 est
739 788 876 840 auctores
898 791 963 840 suunt
984 779 1029 840 tier
1050 783 1177 842 novenis

167 869 280 947 punctis
296 865 419 926 interiici
436 862 589 924 bominem.
621 863 742 924 aliorum
758 865 806 942 qui
821 865 952 927 mitiores
967 866 1100 927 videntur
1116 865 1174 926 duo

168 969 293 1030 genera:
311 948 444 1028 opilioes,
460 947 587 1008 minores
600 965 738 1027 corpore,
752 949 801 1026 qui
816 950 975 1009 moriuntur
986 949 1098 1024 hieme,
1115 967 1173 1008 ιιι-

127 1044 227 1100 latres
244 1052 318 1113 qnae
336 1033 451 1092 biennio
468 1032 579 1092 durent.
599 1033 618 1092 ii
636 1041 665 1092 et
678 1033 849 1094 clementes.
872 1031 964 1093 Nidos
977 1051 1048 1094 vere
1065 1032 1176 1094 iaciunt

167 1119 232 1179 iere
254 1115 444 1196 quadriforis,
468 1116 621 1197 inquibus
644 1117 969 1196 opilioesgenerantur.
1000 1119 1035 1178 iis
1059 1117 1203 1178 eductiso

167 1202 241 1264 alios
257 1201 362 1262 deinde
376 1202 502 1262 maiores
520 1201 604 1262 nidos
628 1201 752 1279 lingunt,
776 1201 922 1280 inquibus
939 1210 1047 1264 matres
1063 1201 1175 1272 futuras

98 1353 101 1361 ,
167 1288 338 1368 producant.
379 1287 435 1346 iarn
456 1295 514 1346 tum
539 1285 660 1365 opifices
681 1286 836 1362 iunguntur
856 1303 977 1346 mouere
999 1295 1029 1347 et
1051 1295 1176 1365 pascunt

168 1391 228 1433 eas.
258 1371 355 1431 latior
370 1380 489 1432 matrum
505 1371 638 1450 species,
660 1369 834 1449 dubiumque
850 1387 885 1430 an
898 1369 1023 1432 habeant
1040 1371 1173 1445 aculeos,

168 1458 233 1536 quia
258 1473 315 1516 non
343 1455 538 1534 egrediuntur.
575 1454 669 1514 ethis
692 1456 735 1513 sui
762 1453 830 1514 inci
876 1453 997 1528 Quidam
1020 1456 1175 1532 opinantur

169 1539 300 1600 omnibus
322 1540 366 1599 his
390 1540 427 1599 ad
446 1537 570 1600 hiemem
591 1538 729 1598 decidere
751 1537 881 1598 aculeos.
921 1557 976 1599 neo
1000 1538 1202 1601 crabronumtr

168 1633 264 1682 antem
283 1641 339 1682 neo
355 1639 510 1700 vesparum
532 1624 635 1699 generi
649 1641 738 1699 reges
756 1631 804 1683 sut
818 1624 964 1700 examina,
980 1623 1034 1684 sed
1051 1621 1173 1682 subinde

121 1727 128 1745 1
168 1716 324 1766 renovatur
337 1705 487 1765 multitudo
502 1705 616 1766 subole.

125 1799 160 1854 75
225 1787 534 1888 adventitiorum
560 1791 634 1851 inter
655 1790 730 1851 haec
751 1807 844 1868 genus
867 1800 913 1852 est
936 1737 1130 1866 bombycum,
1147 1791 1173 1850 in

169 1873 290 1947 Assyria
308 1874 495 1950 proveniens,
513 1875 603 1934 maius
618 1892 704 1953 quam
720 1893 807 1955 supra
824 1875 912 1936 diota
942 1875 1027 1938 nidos
1045 1875 1108 1936 luto
1125 1874 1172 1934 iiu-

168 1965 238 2036 gunt
253 1957 323 2017 salis
339 1958 456 2054 specie,
475 1955 636 2058 adplicatos
655 1959 759 2038 lapidi,
776 1968 854 2020 tanta
874 1959 978 2021 duritia
998 1967 1030 2020 nt
1052 1959 1201 2037 spiculisne

170 2040 314 2120 perlorari
335 2041 384 2100 vix
406 2042 529 2140 possint.
574 2043 603 2101 in
623 2043 667 2102 his
689 2061 773 2104 ceras
795 2043 903 2121 largius
929 2061 1014 2121 quava
1037 2060 1112 2121 apes
1133 2043 1172 2104 ιι·

169 2127 256 2201 ciunt,
275 2127 341 2186 dein
358 2127 495 2186 maiorem
510 2128 707 2188 vermiculum

28 2253 30 2258 -
66 2206 68 2210 ’
125 2218 159 2276 to
224 2209 309 2290 (26.)
335 2209 372 2272 lit
391 2209 447 2272 dlia
467 2211 570 2272 horum
593 2213 687 2291 origo.
718 2230 757 2274 ex
772 2211 929 2290 grandiore
944 2211 1107 2272 vermiculo
1124 2229 1172 2288 ge·

167 2298 241 2358 mina
259 2297 436 2374 protendens
451 2297 495 2361 sui
509 2297 629 2374 generis
643 2310 782 2356 cornuum
796 2297 876 2357 urica
891 2296 932 2371 iit,
949 2296 1016 2356 dein
1027 2295 1109 2374 quod
1123 2312 1171 2356 vo·

168 2391 249 2442 eatur
271 2379 432 2456 bombylis,
461 2399 500 2457 eu
519 2398 554 2441 ea
574 2381 751 2456 necvdnlus,
779 2399 818 2440 ex
839 2380 896 2440 hoc
912 2381 940 2439 in
956 2398 1010 2440 seu
1025 2379 1200 2441 mensibuta

167 2463 305 2538 bombyx
333 2463 421 2522 Telos
436 2481 605 2524 araneorum
621 2465 708 2524 modo
723 2472 823 2526 texunt
838 2465 877 2525 ad
889 2473 1002 2526 vestam
1016 2464 1172 2542 luxumque

4 2551 5 2554 ’
114 2613 116 2618 ,
167 2547 351 2619 feminarum,
374 2562 448 2624 quae
467 2545 640 2624 bombycina
654 2547 829 2627 appellatur.
858 2549 947 2627 prima
963 2567 1015 2608 eas
1029 2547 1172 2608 redordiri

167 2645 325 2706 rursusque
337 2637 440 2690 texere
449 2632 578 2692 invenit
569 2651 598 2692 ιι
609 2631 672 2692 Coo
684 2632 788 2693 mulier
798 2632 958 2712 Pamphile,
972 2631 1092 2694 Plateae
1105 2629 1171 2705 itta,

167 2729 224 2772 non
240 2711 398 2773 fraudanda
416 2713 510 2791 gloria
526 2719 710 2793 excogitatae
726 2718 846 2778 rationis
858 2725 892 2778 nt
908 2716 1035 2830 denudet
1050 2715 1171 2777 tentus

166 2797 268 2856 vestis.
1175 2811 1199 2854 ιι

123 2889 157 2947 77
224 2879 274 2941 23.
293 2878 374 2958 (iv.)
397 2881 560 2958 Bombycas
582 2893 611 2944 et
632 2885 660 2943 in
676 2883 739 2945 Coo
759 2885 852 2946 insula
872 2903 953 2946 naseu
945 2883 1170 2959 tr'ndunt,cn

167 2965 274 3046 pressi,
291 2964 457 3040 terebinthi
474 2966 588 3042 fraxini,
606 2985 731 3046 quercus
748 2969 851 3030 liorem
866 2968 1006 3030 imbribus
1018 2968 1173 3032 decuma

166 3058 264 3110 terrae
284 3048 373 3108 haiitn
393 3050 554 3112 animante.
584 3052 648 3112 heri
666 3062 761 3114 antem
777 3055 869 3132 primo
886 3053 1058 3132 papiliones
1066 3067 1173 3130 parvos

166 3134 328 3213 nudosque,
346 3149 414 3192 mor
427 3131 590 3212 frigorum
581 3137 749 3215 inpatientia
763 3137 841 3197 villis
856 3135 1063 3198 inhorrescere
1079 3145 1112 3196 et
1125 3135 1172 3198 ιι·

165 3233 269 3279 versus
288 3217 424 3278 hiemem
422 3219 539 3278 tunicas
554 3219 610 3280 sibi
625 3222 789 3281 instaurare
801 3221 907 3282 densas
916 3220 1046 3300 ,pedam
1061 3219 1172 3299 asperi·
1162 3229 1202 3272 -ιι
1236 3217 1237 3224 ’

166 3309 224 3362 tate
241 3303 369 3363 radentis
385 3302 521 3380 loliorum
540 3303 749 3382 lanuginem'
740 3321 768 3362 ιι
783 3305 897 3366 vellera
910 3305 984 3368 bano
1000 3303 1071 3366 ab''
1051 3321 1088 3364 ns
1107 3303 1173 3380 cogi

166 3385 320 3465 subigique
332 3387 466 3466 unguium
482 3389 695 3464 criminatione,
709 3404 777 3448 mou
791 3387 866 3450 trabi
879 3391 908 3450 in
919 3399 1042 3464 trames,
1061 3386 1173 3450 tenuari

167 3483 222 3526 neu
237 3472 370 3547 pectine,
391 3480 497 3550 postea
518 3470 731 3550 adprehensam
747 3475 866 3552 corpori
882 3473 991 3534 involvi
1004 3473 1072 3534 nido
1089 3471 1171 3534 volu·
