2444 3908
139 165 150 174 ”
236 185 316 231 unu.
337 186 658 240 flrsr.v1n.re--r.e.
678 178 828 260 (rb-19.)
998 185 1036 256 bl

94 335 178 418 (18.)
194 337 323 399 Leonum
338 339 394 400 duo
416 359 541 419 genere,
576 346 739 423 conpactile
762 357 792 406 et
810 347 902 408 breve
918 351 1082 430 crispio-46

26 421 113 482 ‘bus
141 422 226 482 iubis.
249 423 303 486 bos
332 426 499 503 pavidiores
527 445 594 486 esse
621 447 705 508 quam
726 431 832 508 longos
855 434 1040 514 simplicique

13 506 114 566 illo.
145 523 197 565 eos
213 518 430 587 contemptores
446 511 605 575 volnerum.
639 516 749 576 urinam
767 515 854 576 maris
869 534 954 578 crure
971 520 1037 580 sub·

0 599 91 652 ato
116 591 242 654 reddere
263 603 293 652 ut
307 611 407 654 canes.
428 613 547 672 gravem
565 597 701 674 odorem,
724 617 779 660 nec
796 601 888 658 minus
909 600 1036 662 halitum.

0 703 1 729 t
24 693 116 738 aros
135 677 163 735 in
180 686 251 754 potu
268 680 350 738 vesei
366 680 484 738 alternis
508 680 626 756 diebus,
651 699 667 741 a
688 685 837 743 saturitate
860 686 972 744 interim
989 687 1038 750 tri-

10 788 17 815 ·
34 777 89 820 uo
108 759 185 818 cibis
201 779 312 822 carere.
344 781 418 840 quae
432 764 544 842 possint
559 766 588 824 in
601 765 761 826 mandendo
773 767 867 827 solida
882 767 1037 846 deuorare,

34 863 85 904 ec
111 847 246 922 capiente
275 847 439 908 aviditatem
466 848 532 908 slve
561 851 702 910 coniectis
729 852 757 911 in
781 852 873 911 laucis
896 853 1037 929 unguibus

2 927 209 1004 extrahere,
225 939 273 992 aut
293 932 318 990 si
338 931 504 1008 fugiendum
525 935 553 994 in
574 935 707 1011 satietate
729 934 864 996 babeant.
896 937 981 996 uitem
1003 937 1079 1002 iisrt

2 1015 152 1090 longam
167 1012 255 1074 docet
271 1027 448 1092 argumento,
466 1019 544 1095 quod
561 1019 695 1097 plerique
715 1019 849 1079 dentibus
863 1018 973 1085 deiecti
992 1019 1037 1080 re·

7 1099 193 1178 pariantur.
231 1097 370 1174 Polybius
391 1100 543 1162 Aemiliani
573 1119 673 1162 comes
692 1103 721 1162 in
746 1114 865 1164 senecta
894 1102 1038 1166 bominem
1140 1107 1143 1113 '

8 1183 61 1244 ah
83 1181 132 1242 his
163 1182 260 1260 adpeti
274 1183 391 1260 refert,
422 1188 556 1264 quoniam
576 1187 612 1246 sd
632 1187 850 1266 persequendas
867 1187 945 1248 ieras
960 1191 1038 1248 vires

9 1285 88 1328 non
109 1275 275 1345 suppetant.
304 1278 370 1330 tunc
384 1269 522 1331 obsidere
544 1269 646 1330 Africa
666 1271 761 1348 urbis,
781 1290 874 1349 eaque
897 1273 934 1332 de
950 1291 1038 1333 cause

11 1351 114 1414 cruci
132 1350 207 1410 fisos
221 1353 330 1414 vidisse
346 1371 379 1413 se
395 1373 458 1414 cum
474 1355 621 1433 Scipione,
636 1355 703 1434 quia
721 1357 819 1416 ueteri
829 1363 906 1415 metu
921 1373 1036 1434 poenae

13 1435 136 1497 similis
152 1435 385 1498 absterrerentur
403 1439 506 1501 eedem
521 1456 607 1500 noxa.

1 1531 22 1566 κ·
97 1518 183 1598 (19.)
204 1519 295 1580 Leoni
309 1532 416 1583 tanturm
437 1523 562 1583 exieris
578 1523 729 1583 elementia
744 1523 774 1584 in
786 1524 947 1603 supplices.
971 1532 1080 1602 pro-48

14 1606 131 1666 stratis
151 1606 243 1682 parcit
258 1615 298 1680 et,
314 1606 364 1666 ubi
379 1609 482 1683 saevit,
500 1609 529 1667 in
543 1609 623 1668 viros
641 1608 737 1685 potius
759 1625 844 1686 quarn
868 1609 897 1666 in
916 1607 1037 1668 feminas

14 1689 146 1762 fremit,
169 1688 331 1749 inicientis
355 1693 484 1751 nonnisi
505 1709 609 1770 magna
630 1691 715 1752 ierne.
751 1691 844 1752 credit
857 1689 947 1767 Libya
970 1709 1036 1770 per-

14 1773 136 1836 venire
156 1771 332 1834 intellectum
353 1775 390 1838 ad
413 1793 466 1856 eps
486 1793 615 1855 precum.
655 1776 798 1854 captivam
823 1783 904 1835 certe
933 1775 1036 1836 Gaetu·

16 1859 87 1920 liae
105 1854 244 1917 reducem
264 1857 359 1920 audivi
382 1860 534 1920 multorum
555 1862 583 1920 in
601 1859 680 1920 silvis
696 1860 832 1938 impetum
847 1878 864 1919 e
879 1877 912 1919 se
924 1860 1037 1938 mitiga·

15 1952 87 2002 turn
106 1939 244 2018 adloquio
261 1960 348 2002 susae
370 1942 469 2004 dicere
485 1963 517 2004 se
531 1945 683 2020 feminam,
705 1944 869 2023 profugam,
887 1943 1036 2019 infirmnm,

17 2023 197 2104 supplicem
218 2026 356 2086 animalis
369 2031 491 2088 omniurn
512 2029 733 2107 generosissimi
755 2027 923 2106 ceterisque
945 2027 1035 2106 impe·
1109 2029 1118 2039 '

17 2110 157 2183 uitantis,
170 2109 314 2187 indignam
326 2113 389 2172 eius
400 2113 494 2190 gloria
507 2114 654 2190 praedam.
672 2112 762 2172 Varia
774 2113 852 2170 circa
866 2111 924 2186 boc
939 2111 1038 2188 opinio

20 2215 64 2256 ex
83 2195 206 2270 ingenio
223 2197 364 2275 cuiusque
382 2197 431 2256 vel
447 2215 517 2257 casu
531 2197 652 2256 mulceri
664 2195 807 2274 adloquiis
825 2195 914 2269 ieras,
929 2196 1038 2272 quippe

21 2279 154 2339 obviam
172 2280 316 2358 serpentis
344 2280 456 2340 extrahi
478 2289 563 2340 ceute
585 2280 764 2357 cogique·in
790 2294 915 2356 poenam
936 2295 1036 2336 veram

4 2404 6 2407 -
21 2363 177 2426 falsumne
192 2364 228 2422 sit
243 2380 300 2422 non
315 2365 374 2424 vita
391 2363 565 2423 decreuerit.
599 2362 726 2422 Leonum
744 2361 828 2422 animi
847 2359 933 2420 index
943 2359 1080 2428 cendalo

24 2449 109 2515 sicut
123 2455 155 2506 et
171 2464 309 2526 equorum
324 2466 418 2508 eures.
446 2465 570 2526 namque
592 2457 620 2507 et
640 2445 790 2506 bas‘notas
807 2443 1036 2522 generosissimo

25 2533 141 2610 cuique
163 2541 263 2592 nabrre
283 2532 391 2592 tribuit.
427 2532 531 2592 inmota
553 2549 626 2610 ergo
645 2531 778 2610 placido,
805 2530 934 2590 clemens
956 2529 1036 2588 blan-

25 2616 142 2690 dienti,
167 2615 244 2693 quod
265 2634 370 2676 rarum.
385 2626 445 2692 est,
474 2615 607 2676 crebrior
627 2619 701 2675 enirn
730 2614 887 2676 iracundia.
925 2614 987 2673 eius
1009 2615 1038 2672 in

25 2700 179 2778 principio
195 2709 274 2760 terra
295 2701 481 2777 verberatur,
513 2702 692 2760 incremento
719 2710 803 2778 terga
833 2717 886 2759 ceu
912 2697 1037 2776 quodem

2 2803 11 2833 1¹
25 2785 219 2844 incitamento
248 2783 440 2861 flagellantur.
474 2787 519 2844 vis
544 2801 652 2844 summa
679 2787 707 2844 in
730 2792 864 2862 pectore.
895 2801 933 2842 er
961 2783 1037 2840 omni

25 2869 156 2930 soluere
177 2870 240 2927 sive
263 2887 358 2945 ungue
374 2871 509 2946 inpresso
531 2870 594 2928 sive
615 2869 702 2928 dente
725 2877 820 2927 taeter
840 2866 957 2945 prolluit
972 2883 1036 2924 seu·

26 2955 106 3030 gnie.
142 2952 231 3014 iidem
251 2954 345 3014 satiati
381 2954 489 3014 innoxii
516 2962 589 3012 sunt.
633 2951 822 3012 Generositas
844 2952 873 3010 in
895 2948 1080 3029 perientiseo

26 3055 164 3098 nraxume
182 3037 424 3116 deprehenditur,
449 3053 507 3095 nou
521 3039 549 3095 in
565 3037 615 3096 illo
631 3035 836 3111 tantummodo,
858 3034 935 3114 quod
953 3049 1033 3110 sper·

26 3140 103 3183 nens
124 3122 186 3184 tela
206 3122 252 3184 diu
279 3141 313 3182 se
332 3132 446 3182 terrore
469 3121 535 3180 solo
556 3130 653 3179 tuetur
672 3139 707 3180 ac
723 3121 803 3180 velut
819 3121 888 3195 cogi
901 3124 1034 3190 testatrn,

0 3229 15 3256 e
28 3208 221 3285 cooriturque
241 3225 298 3266 non
318 3215 461 3286 tamquam
489 3204 620 3283 periculo
649 3214 784 3281 coactus,
814 3202 868 3263 sed
893 3211 1036 3278 tamquam

29 3293 156 3352 amentia
177 3293 277 3350 iratus.
320 3292 370 3352 illa
396 3289 522 3351 nobilior
543 3290 626 3349 animi
655 3289 843 3366 significatio:
878 3282 1036 3362 quamlibet
1067 3301 1071 3310 ¹

30 3392 136 3454 magna
160 3385 312 3436 canumet
338 3376 501 3436 venantium
521 3383 663 3450 urguente
678 3375 713 3432 rvi
740 3371 927 3448 contemptim
950 3366 1034 3426 resti·

31 3467 157 3540 tansque
179 3460 256 3520 cedit
280 3462 309 3518 in
330 3463 439 3540 campis
461 3468 490 3518 et
512 3458 561 3518 ubi
588 3458 717 3536 spectari
742 3464 848 3535 potest.
862 3453 956 3599 4iqlem
986 3449 1035 3511 ubi
