<?xml version="1.0" encoding="UTF-8"?>
<!DOCTYPE html PUBLIC "-//W3C//DTD XHTML 1.0 Transitional//EN"
    "http://www.w3.org/TR/xhtml1/DTD/xhtml1-transitional.dtd">
<html xmlns="http://www.w3.org/1999/xhtml" xml:lang="en" lang="en">
 <head>
  <title>
</title>
<meta http-equiv="Content-Type" content="text/html;charset=utf-8" />
  <meta name='ocr-system' content='tesseract 3.04.00' />
  <meta name='ocr-capabilities' content='ocr_page ocr_carea ocr_par ocr_line ocrx_word'/>
</head>
<body>
  <div class='ocr_page' id='page_1' title='image "./cplinisecundina12plingoog_0154.png"; bbox 0 0 2444 3908; ppageno 0'>
   <div class='ocr_carea' id='block_1_1' title="bbox 290 219 1123 316">
    <p class='ocr_par' dir='ltr' id='par_1_1' title="bbox 290 219 1123 316">
     <span class='ocr_line' id='line_1_1' title="bbox 290 219 1123 316; baseline 0.01 -38"><span class='ocrx_word' id='word_1_1' title='bbox 290 229 737 284; x_wconf 79' lang='lat' dir='ltr'><strong>nuu.nrsr.vrr11.tu—-46</strong></span> <span class='ocrx_word' id='word_1_2' title='bbox 761 219 908 304; x_wconf 80' lang='lat' dir='ltr'><strong>(oo-70.)</strong></span> <span class='ocrx_word' id='word_1_3' title='bbox 1039 225 1123 316; x_wconf 71' lang='lat'><strong>¹¹3.</strong></span> 
     </span>
    </p>
   </div>
   <div class='ocr_carea' id='block_1_2' title="bbox 4 384 1212 3651">
    <p class='ocr_par' dir='ltr' id='par_1_2' title="bbox 4 384 1212 3651">
     <span class='ocr_line' id='line_1_2' title="bbox 95 384 1212 472; baseline 0.006 -26"><span class='ocrx_word' id='word_1_4' title='bbox 95 384 238 448; x_wconf 85' lang='lat' dir='ltr'><strong>conditur.</strong></span> <span class='ocrx_word' id='word_1_5' title='bbox 272 403 324 446; x_wconf 87' lang='lat' dir='ltr'><strong>ora</strong></span> <span class='ocrx_word' id='word_1_6' title='bbox 343 387 370 448; x_wconf 88' lang='lat' dir='ltr'><strong>ei</strong></span> <span class='ocrx_word' id='word_1_7' title='bbox 392 389 421 446; x_wconf 88' lang='lat' dir='ltr'><strong>in</strong></span> <span class='ocrx_word' id='word_1_8' title='bbox 438 387 543 470; x_wconf 78' lang='lat' dir='ltr'><strong>radicq</strong></span> <span class='ocrx_word' id='word_1_9' title='bbox 563 407 631 448; x_wconf 89' lang='lat' dir='ltr'><strong>esse</strong></span> <span class='ocrx_word' id='word_1_10' title='bbox 648 389 812 463; x_wconf 83' lang='lat' dir='ltr'><strong>traduntur,</strong></span> <span class='ocrx_word' id='word_1_11' title='bbox 835 399 1023 452; x_wconf 77' lang='lat' dir='ltr'><strong>excrementa</strong></span> <span class='ocrx_word' id='word_1_12' title='bbox 1042 407 1097 472; x_wconf 86' lang='lat' dir='ltr'><strong>per</strong></span> <span class='ocrx_word' id='word_1_13' title='bbox 1209 460 1212 466; x_wconf 21' lang='lat'><strong>¹</strong></span> 
     </span>
     <span class='ocr_line' id='line_1_3' title="bbox 93 469 513 536; baseline 0.002 -6"><span class='ocrx_word' id='word_1_14' title='bbox 93 487 203 536; x_wconf 82' lang='lat' dir='ltr'><strong>samma</strong></span> <span class='ocrx_word' id='word_1_15' title='bbox 219 470 297 530; x_wconf 86' lang='lat' dir='ltr'><strong>tenui</strong></span> <span class='ocrx_word' id='word_1_16' title='bbox 312 469 407 530; x_wconf 83' lang='lat' dir='ltr'><strong>fistula</strong></span> <span class='ocrx_word' id='word_1_17' title='bbox 420 472 513 531; x_wconf 90' lang='lat' dir='ltr'><strong>reddi</strong></span> 
     </span>
     <span class='ocr_line' id='line_1_4' title="bbox 159 554 1139 637; baseline 0.008 -21"><span class='ocrx_word' id='word_1_18' title='bbox 159 554 244 634; x_wconf 85' lang='grc'>(69.)</span> <span class='ocrx_word' id='word_1_19' title='bbox 274 555 474 634; x_wconf 75' lang='lat' dir='ltr'>spongearum</span> <span class='ocrx_word' id='word_1_20' title='bbox 493 556 548 616; x_wconf 88' lang='lat' dir='ltr'><strong>tria</strong></span> <span class='ocrx_word' id='word_1_21' title='bbox 569 574 678 633; x_wconf 80' lang='lat' dir='ltr'><strong>genera</strong></span> <span class='ocrx_word' id='word_1_22' title='bbox 698 557 878 637; x_wconf 88' lang='lat' dir='ltr'><strong>accepimus:</strong></span> <span class='ocrx_word' id='word_1_23' title='bbox 899 559 1024 635; x_wconf 87' lang='lat' dir='ltr'><strong>spissum</strong></span> <span class='ocrx_word' id='word_1_24' title='bbox 1044 569 1139 625; x_wconf 69' lang='lat' dir='ltr'><strong>aollfl</strong></span> 
     </span>
     <span class='ocr_line' id='line_1_5' title="bbox 90 639 1096 720; baseline 0.006 -23"><span class='ocrx_word' id='word_1_25' title='bbox 90 639 268 718; x_wconf 89' lang='lat' dir='ltr'><strong>praedurum</strong></span> <span class='ocrx_word' id='word_1_26' title='bbox 284 649 313 699; x_wconf 91' lang='lat' dir='ltr'><strong>ct</strong></span> <span class='ocrx_word' id='word_1_27' title='bbox 327 657 473 719; x_wconf 87' lang='lat' dir='ltr'><strong>asperum,</strong></span> <span class='ocrx_word' id='word_1_28' title='bbox 489 650 588 718; x_wconf 84' lang='lat' dir='ltr'><strong>tragos</strong></span> <span class='ocrx_word' id='word_1_29' title='bbox 605 641 634 700; x_wconf 91' lang='lat' dir='ltr'><strong>id</strong></span> <span class='ocrx_word' id='word_1_30' title='bbox 649 649 781 717; x_wconf 87' lang='lat' dir='ltr'><strong>vocatur,</strong></span> <span class='ocrx_word' id='word_1_31' title='bbox 797 641 920 720; x_wconf 84' lang='lat' dir='ltr'><strong>spissum</strong></span> <span class='ocrx_word' id='word_1_32' title='bbox 936 651 965 700; x_wconf 88' lang='lat' dir='ltr'><strong>et</strong></span> <span class='ocrx_word' id='word_1_33' title='bbox 980 643 1096 703; x_wconf 88' lang='lat' dir='ltr'><strong>mollius</strong></span> 
     </span>
     <span class='ocr_line' id='line_1_6' title="bbox 66 723 1094 804; baseline 0.006 -24"><span class='ocrx_word' id='word_1_34' title='bbox 66 739 205 798; x_wconf 81' lang='lat' dir='ltr'><strong>emanas,</strong></span> <span class='ocrx_word' id='word_1_35' title='bbox 215 732 302 784; x_wconf 85' lang='lat' dir='ltr'><strong>tenue</strong></span> <span class='ocrx_word' id='word_1_36' title='bbox 313 725 496 804; x_wconf 86' lang='lat' dir='ltr'><strong>densumque</strong></span> <span class='ocrx_word' id='word_1_37' title='bbox 510 743 548 784; x_wconf 84' lang='lat' dir='ltr'><strong>ex</strong></span> <span class='ocrx_word' id='word_1_38' title='bbox 563 741 620 803; x_wconf 94' lang='lat' dir='ltr'><strong>quo</strong></span> <span class='ocrx_word' id='word_1_39' title='bbox 637 723 765 803; x_wconf 76' lang='lat' dir='ltr'><strong>pennicilli</strong></span> <span class='ocrx_word' id='word_1_40' title='bbox 781 723 945 785; x_wconf 80' lang='lat' dir='ltr'><strong>Achillium.</strong></span> <span class='ocrx_word' id='word_1_41' title='bbox 972 744 1094 787; x_wconf 87' lang='lat' dir='ltr'><strong>nascun-</strong></span> 
     </span>
     <span class='ocr_line' id='line_1_7' title="bbox 89 809 1094 888; baseline 0.002 -20"><span class='ocrx_word' id='word_1_42' title='bbox 89 818 138 868; x_wconf 85' lang='lat' dir='ltr'><strong>tur</strong></span> <span class='ocrx_word' id='word_1_43' title='bbox 151 825 250 868; x_wconf 88' lang='lat' dir='ltr'><strong>omnes</strong></span> <span class='ocrx_word' id='word_1_44' title='bbox 266 811 295 868; x_wconf 91' lang='lat' dir='ltr'><strong>in</strong></span> <span class='ocrx_word' id='word_1_45' title='bbox 309 811 412 886; x_wconf 89' lang='lat' dir='ltr'><strong>petris,</strong></span> <span class='ocrx_word' id='word_1_46' title='bbox 428 810 541 870; x_wconf 88' lang='lat' dir='ltr'><strong>aluntur</strong></span> <span class='ocrx_word' id='word_1_47' title='bbox 557 809 686 885; x_wconf 76' lang='lat' dir='ltr'>conchis,</span> <span class='ocrx_word' id='word_1_48' title='bbox 702 810 795 888; x_wconf 86' lang='lat' dir='ltr'><strong>pisce,</strong></span> <span class='ocrx_word' id='word_1_49' title='bbox 812 809 897 870; x_wconf 58' lang='lat' dir='ltr'><strong>limo:</strong></span> <span class='ocrx_word' id='word_1_50' title='bbox 918 810 1094 870; x_wconf 87' lang='lat' dir='ltr'><strong>intellectum</strong></span> 
     </span>
     <span class='ocr_line' id='line_1_8' title="bbox 89 892 1095 972; baseline 0.002 -20"><span class='ocrx_word' id='word_1_51' title='bbox 89 893 191 952; x_wconf 90' lang='lat' dir='ltr'><strong>inesse</strong></span> <span class='ocrx_word' id='word_1_52' title='bbox 208 893 252 952; x_wconf 87' lang='lat' dir='ltr'><strong>iris</strong></span> <span class='ocrx_word' id='word_1_53' title='bbox 269 892 408 970; x_wconf 83' lang='lat' dir='ltr'><strong>adparet,</strong></span> <span class='ocrx_word' id='word_1_54' title='bbox 425 895 501 972; x_wconf 90' lang='lat' dir='ltr'><strong>quia,</strong></span> <span class='ocrx_word' id='word_1_55' title='bbox 518 893 566 954; x_wconf 92' lang='lat' dir='ltr'><strong>ubi</strong></span> <span class='ocrx_word' id='word_1_56' title='bbox 585 894 753 954; x_wconf 75' lang='lat' dir='ltr'><strong>arolsorcm</strong></span> <span class='ocrx_word' id='word_1_57' title='bbox 770 912 908 970; x_wconf 82' lang='lat' dir='ltr'><strong>sensere,</strong></span> <span class='ocrx_word' id='word_1_58' title='bbox 928 904 1095 954; x_wconf 90' lang='lat' dir='ltr'><strong>contractae</strong></span> 
     </span>
     <span class='ocr_line' id='line_1_9' title="bbox 88 975 1094 1057; baseline 0.002 -21"><span class='ocrx_word' id='word_1_59' title='bbox 88 977 180 1036; x_wconf 88' lang='lat' dir='ltr'><strong>multo</strong></span> <span class='ocrx_word' id='word_1_60' title='bbox 203 975 349 1038; x_wconf 83' lang='lat' dir='ltr'><strong>difficilius</strong></span> <span class='ocrx_word' id='word_1_61' title='bbox 371 977 581 1039; x_wconf 86' lang='lat' dir='ltr'><strong>abstrabuntur.</strong></span> <span class='ocrx_word' id='word_1_62' title='bbox 620 977 678 1039; x_wconf 90' lang='lat' dir='ltr'><strong>boc</strong></span> <span class='ocrx_word' id='word_1_63' title='bbox 695 979 771 1040; x_wconf 89' lang='lat' dir='ltr'><strong>idem</strong></span> <span class='ocrx_word' id='word_1_64' title='bbox 793 977 880 1038; x_wconf 85' lang='lat' dir='ltr'><strong>fluctu</strong></span> <span class='ocrx_word' id='word_1_65' title='bbox 903 979 1035 1057; x_wconf 80' lang='lat' dir='ltr'><strong>pulsante</strong></span> <span class='ocrx_word' id='word_1_66' title='bbox 1050 977 1094 1038; x_wconf 86' lang='lat' dir='ltr'><strong>fa·</strong></span> 
     </span>
     <span class='ocr_line' id='line_1_10' title="bbox 89 1061 1136 1141; baseline 0.006 -21"><span class='ocrx_word' id='word_1_67' title='bbox 89 1063 180 1120; x_wconf 86' lang='lat' dir='ltr'><strong>ciunt.</strong></span> <span class='ocrx_word' id='word_1_68' title='bbox 214 1061 314 1120; x_wconf 81' lang='lat' dir='ltr'><strong>vivere</strong></span> <span class='ocrx_word' id='word_1_69' title='bbox 331 1078 401 1123; x_wconf 84' lang='lat' dir='ltr'><strong>asoa</strong></span> <span class='ocrx_word' id='word_1_70' title='bbox 421 1063 573 1124; x_wconf 80' lang='lat' dir='ltr'><strong>manifesto</strong></span> <span class='ocrx_word' id='word_1_71' title='bbox 587 1062 718 1122; x_wconf 87' lang='lat' dir='ltr'><strong>conchae</strong></span> <span class='ocrx_word' id='word_1_72' title='bbox 733 1064 857 1122; x_wconf 82' lang='lat' dir='ltr'><strong>minutae</strong></span> <span class='ocrx_word' id='word_1_73' title='bbox 873 1065 901 1121; x_wconf 91' lang='lat' dir='ltr'><strong>in</strong></span> <span class='ocrx_word' id='word_1_74' title='bbox 916 1063 960 1123; x_wconf 90' lang='lat' dir='ltr'><strong>his</strong></span> <span class='ocrx_word' id='word_1_75' title='bbox 974 1071 1136 1141; x_wconf 75' lang='lat' dir='ltr'><strong>repar-149</strong></span> 
     </span>
     <span class='ocr_line' id='line_1_11' title="bbox 50 1145 1096 1208; baseline 0.006 -8"><span class='ocrx_word' id='word_1_76' title='bbox 50 1155 143 1207; x_wconf 81' lang='lat' dir='ltr'><strong>rotae</strong></span> <span class='ocrx_word' id='word_1_77' title='bbox 156 1145 318 1206; x_wconf 82' lang='lat' dir='ltr'><strong>ostendunt.</strong></span> <span class='ocrx_word' id='word_1_78' title='bbox 351 1147 428 1206; x_wconf 91' lang='lat' dir='ltr'><strong>circa</strong></span> <span class='ocrx_word' id='word_1_79' title='bbox 446 1145 582 1207; x_wconf 83' lang='lat' dir='ltr'><strong>Toronen</strong></span> <span class='ocrx_word' id='word_1_80' title='bbox 597 1147 678 1206; x_wconf 87' lang='lat' dir='ltr'><strong>vesci</strong></span> <span class='ocrx_word' id='word_1_81' title='bbox 699 1147 756 1206; x_wconf 88' lang='lat' dir='ltr'><strong>illis</strong></span> <span class='ocrx_word' id='word_1_82' title='bbox 780 1147 896 1208; x_wconf 85' lang='lat' dir='ltr'><strong>avolsas</strong></span> <span class='ocrx_word' id='word_1_83' title='bbox 912 1149 998 1208; x_wconf 87' lang='lat' dir='ltr'><strong>etiam</strong></span> <span class='ocrx_word' id='word_1_84' title='bbox 1018 1148 1096 1207; x_wconf 88' lang='lat' dir='ltr'><strong>aiunt</strong></span> 
     </span>
     <span class='ocr_line' id='line_1_12' title="bbox 89 1229 1094 1310; baseline 0.001 -21"><span class='ocrx_word' id='word_1_85' title='bbox 89 1240 122 1289; x_wconf 87' lang='lat' dir='ltr'><strong>et</strong></span> <span class='ocrx_word' id='word_1_86' title='bbox 139 1248 177 1289; x_wconf 87' lang='lat' dir='ltr'><strong>ex</strong></span> <span class='ocrx_word' id='word_1_87' title='bbox 192 1229 302 1289; x_wconf 89' lang='lat' dir='ltr'><strong>relictis</strong></span> <span class='ocrx_word' id='word_1_88' title='bbox 320 1229 464 1290; x_wconf 84' lang='lat' dir='ltr'><strong>radicibus</strong></span> <span class='ocrx_word' id='word_1_89' title='bbox 482 1249 664 1292; x_wconf 74' lang='lat' dir='ltr'><strong>recrescere</strong></span> <span class='ocrx_word' id='word_1_90' title='bbox 696 1230 724 1290; x_wconf 91' lang='lat' dir='ltr'><strong>in</strong></span> <span class='ocrx_word' id='word_1_91' title='bbox 739 1232 830 1309; x_wconf 85' lang='lat' dir='ltr'><strong>petris</strong></span> <span class='ocrx_word' id='word_1_92' title='bbox 849 1233 964 1291; x_wconf 85' lang='lat' dir='ltr'><strong>cruoris</strong></span> <span class='ocrx_word' id='word_1_93' title='bbox 977 1249 1094 1310; x_wconf 86' lang='lat' dir='ltr'><strong>quoqne</strong></span> 
     </span>
     <span class='ocr_line' id='line_1_13' title="bbox 87 1311 1093 1394; baseline 0 -20"><span class='ocrx_word' id='word_1_94' title='bbox 87 1311 225 1374; x_wconf 80' lang='lat' dir='ltr'><strong>inhaeret</strong></span> <span class='ocrx_word' id='word_1_95' title='bbox 245 1313 357 1390; x_wconf 91' lang='lat' dir='ltr'><strong>color,</strong></span> <span class='ocrx_word' id='word_1_96' title='bbox 365 1313 473 1375; x_wconf 81' lang='lat' dir='ltr'><strong>Africis</strong></span> <span class='ocrx_word' id='word_1_97' title='bbox 494 1316 651 1394; x_wconf 79' lang='lat' dir='ltr'><strong>praecipue</strong></span> <span class='ocrx_word' id='word_1_98' title='bbox 667 1332 741 1391; x_wconf 88' lang='lat' dir='ltr'><strong>quae</strong></span> <span class='ocrx_word' id='word_1_99' title='bbox 762 1317 966 1390; x_wconf 88' lang='lat' dir='ltr'><strong>generantur</strong></span> <span class='ocrx_word' id='word_1_100' title='bbox 957 1333 985 1374; x_wconf 91' lang='lat' dir='ltr'><strong>m</strong></span> <span class='ocrx_word' id='word_1_101' title='bbox 1003 1316 1093 1390; x_wconf 77' lang='lat' dir='ltr'><strong>Syrti·</strong></span> 
     </span>
     <span class='ocr_line' id='line_1_14' title="bbox 43 1396 1094 1486; baseline 0.001 -29"><span class='ocrx_word' id='word_1_102' title='bbox 43 1433 51 1440; x_wconf 79' lang='lat'><em>-</em></span> <span class='ocrx_word' id='word_1_103' title='bbox 87 1399 156 1457; x_wconf 89' lang='lat' dir='ltr'><strong>bus.</strong></span> <span class='ocrx_word' id='word_1_104' title='bbox 186 1396 336 1460; x_wconf 77' lang='lat' dir='ltr'><strong>Maxumas</strong></span> <span class='ocrx_word' id='word_1_105' title='bbox 351 1399 421 1458; x_wconf 86' lang='lat' dir='ltr'><strong>liunt</strong></span> <span class='ocrx_word' id='word_1_106' title='bbox 434 1415 538 1460; x_wconf 90' lang='lat' dir='ltr'><strong>manoe</strong></span> <span class='ocrx_word' id='word_1_107' title='bbox 556 1398 611 1458; x_wconf 85' lang='lat' dir='ltr'><strong>sad</strong></span> <span class='ocrx_word' id='word_1_108' title='bbox 625 1397 811 1458; x_wconf 77' lang='lat' dir='ltr'><strong>mollissimae</strong></span> <span class='ocrx_word' id='word_1_109' title='bbox 831 1400 908 1458; x_wconf 87' lang='lat' dir='ltr'><strong>eirca</strong></span> <span class='ocrx_word' id='word_1_110' title='bbox 922 1397 1074 1486; x_wconf 77' lang='lat' dir='ltr'><strong>Lyciam,</strong></span> <span class='ocrx_word' id='word_1_111' title='bbox 1065 1416 1094 1458; x_wconf 89' lang='lat' dir='ltr'><strong>m</strong></span> 
     </span>
     <span class='ocr_line' id='line_1_15' title="bbox 86 1463 1093 1582; baseline 0.001 -42"><span class='ocrx_word' id='word_1_112' title='bbox 86 1482 236 1562; x_wconf 81' lang='lat' dir='ltr'><strong>profundo</strong></span> <span class='ocrx_word' id='word_1_113' title='bbox 244 1491 343 1544; x_wconf 83' lang='lat' dir='ltr'><strong>autem</strong></span> <span class='ocrx_word' id='word_1_114' title='bbox 360 1501 415 1543; x_wconf 85' lang='lat' dir='ltr'><strong>uec</strong></span> <span class='ocrx_word' id='word_1_115' title='bbox 431 1492 555 1542; x_wconf 84' lang='lat' dir='ltr'><strong>ventoso</strong></span> <span class='ocrx_word' id='word_1_116' title='bbox 570 1482 729 1542; x_wconf 86' lang='lat' dir='ltr'><strong>molliores.</strong></span> <span class='ocrx_word' id='word_1_117' title='bbox 761 1484 788 1540; x_wconf 88' lang='lat' dir='ltr'><strong>in</strong></span> <span class='ocrx_word' id='word_1_118' title='bbox 799 1463 1010 1582; x_wconf 82' lang='lat' dir='ltr'><strong>Hellesponto&#39;</strong></span> <span class='ocrx_word' id='word_1_119' title='bbox 1008 1492 1093 1560; x_wconf 84' lang='lat' dir='ltr'><strong>aspc-</strong></span> 
     </span>
     <span class='ocr_line' id='line_1_16' title="bbox 50 1565 1092 1644; baseline -0.004 -16"><span class='ocrx_word' id='word_1_120' title='bbox 50 1585 160 1641; x_wconf 76' lang='lat' dir='ltr'><strong>torae,</strong></span> <span class='ocrx_word' id='word_1_121' title='bbox 181 1575 211 1626; x_wconf 88' lang='lat' dir='ltr'><strong>et</strong></span> <span class='ocrx_word' id='word_1_122' title='bbox 236 1567 345 1628; x_wconf 87' lang='lat' dir='ltr'><strong>densae</strong></span> <span class='ocrx_word' id='word_1_123' title='bbox 368 1568 446 1628; x_wconf 85' lang='lat' dir='ltr'><strong>circa</strong></span> <span class='ocrx_word' id='word_1_124' title='bbox 466 1565 599 1628; x_wconf 82' lang='lat' dir='ltr'><strong>llaleam.</strong></span> <span class='ocrx_word' id='word_1_125' title='bbox 635 1575 804 1644; x_wconf 87' lang='lat' dir='ltr'><strong>putrescunt</strong></span> <span class='ocrx_word' id='word_1_126' title='bbox 825 1567 853 1625; x_wconf 89' lang='lat' dir='ltr'><strong>in</strong></span> <span class='ocrx_word' id='word_1_127' title='bbox 876 1567 987 1644; x_wconf 78' lang='lat' dir='ltr'><strong>apricis</strong></span> <span class='ocrx_word' id='word_1_128' title='bbox 1007 1566 1092 1643; x_wconf 90' lang='lat' dir='ltr'><strong>locis,</strong></span> 
     </span>
     <span class='ocr_line' id='line_1_17' title="bbox 86 1650 1092 1730; baseline -0.002 -18"><span class='ocrx_word' id='word_1_129' title='bbox 86 1651 158 1712; x_wconf 87' lang='lat' dir='ltr'><strong>ideo</strong></span> <span class='ocrx_word' id='word_1_130' title='bbox 172 1654 331 1729; x_wconf 79' lang='lat' dir='ltr'><strong>optumae</strong></span> <span class='ocrx_word' id='word_1_131' title='bbox 323 1671 351 1712; x_wconf 91' lang='lat' dir='ltr'><strong>m</strong></span> <span class='ocrx_word' id='word_1_132' title='bbox 365 1651 536 1728; x_wconf 74' lang='lat' dir='ltr'><strong>gurgitibus.</strong></span> <span class='ocrx_word' id='word_1_133' title='bbox 568 1651 731 1712; x_wconf 83' lang='lat' dir='ltr'><strong>viventibus</strong></span> <span class='ocrx_word' id='word_1_134' title='bbox 747 1651 823 1712; x_wconf 89' lang='lat' dir='ltr'><strong>idem</strong></span> <span class='ocrx_word' id='word_1_135' title='bbox 843 1653 892 1730; x_wconf 92' lang='lat' dir='ltr'><strong>qui</strong></span> <span class='ocrx_word' id='word_1_136' title='bbox 913 1650 1092 1711; x_wconf 84' lang='lat' dir='ltr'><strong>madentibus</strong></span> 
     </span>
     <span class='ocr_line' id='line_1_18' title="bbox 85 1731 1136 1814; baseline -0.001 -15"><span class='ocrx_word' id='word_1_137' title='bbox 85 1737 235 1813; x_wconf 80' lang='lat' dir='ltr'><strong>nigricans</strong></span> <span class='ocrx_word' id='word_1_138' title='bbox 258 1736 351 1796; x_wconf 88' lang='lat' dir='ltr'><strong>colos.</strong></span> <span class='ocrx_word' id='word_1_139' title='bbox 386 1735 554 1798; x_wconf 80' lang='lat' dir='ltr'><strong>Adhaerent</strong></span> <span class='ocrx_word' id='word_1_140' title='bbox 571 1755 626 1796; x_wconf 91' lang='lat' dir='ltr'><strong>nec</strong></span> <span class='ocrx_word' id='word_1_141' title='bbox 641 1731 723 1814; x_wconf 86' lang='lat' dir='ltr'><strong>parte</strong></span> <span class='ocrx_word' id='word_1_142' title='bbox 739 1751 794 1795; x_wconf 89' lang='lat' dir='ltr'><strong>nec</strong></span> <span class='ocrx_word' id='word_1_143' title='bbox 812 1745 899 1796; x_wconf 90' lang='lat' dir='ltr'><strong>totae.</strong></span> <span class='ocrx_word' id='word_1_144' title='bbox 935 1737 1136 1798; x_wconf 84' lang='lat' dir='ltr'><strong>intersunt15o</strong></span> 
     </span>
     <span class='ocr_line' id='line_1_19' title="bbox 87 1820 1093 1900; baseline -0.004 -18"><span class='ocrx_word' id='word_1_145' title='bbox 87 1823 165 1882; x_wconf 86' lang='lat' dir='ltr'><strong>euim</strong></span> <span class='ocrx_word' id='word_1_146' title='bbox 181 1820 295 1880; x_wconf 84' lang='lat' dir='ltr'><strong>listulae</strong></span> <span class='ocrx_word' id='word_1_147' title='bbox 310 1821 450 1900; x_wconf 83' lang='lat' dir='ltr'><strong>quaedam</strong></span> <span class='ocrx_word' id='word_1_148' title='bbox 464 1822 563 1881; x_wconf 85' lang='lat' dir='ltr'><strong>inanes</strong></span> <span class='ocrx_word' id='word_1_149' title='bbox 579 1830 737 1898; x_wconf 86' lang='lat' dir='ltr'><strong>quaternae</strong></span> <span class='ocrx_word' id='word_1_150' title='bbox 758 1820 822 1880; x_wconf 88' lang='lat' dir='ltr'><strong>lere</strong></span> <span class='ocrx_word' id='word_1_151' title='bbox 838 1827 886 1880; x_wconf 90' lang='lat' dir='ltr'><strong>aut</strong></span> <span class='ocrx_word' id='word_1_152' title='bbox 902 1822 1022 1898; x_wconf 86' lang='lat' dir='ltr'><strong>quinae,</strong></span> <span class='ocrx_word' id='word_1_153' title='bbox 1039 1837 1093 1898; x_wconf 85' lang='lat' dir='ltr'><strong>per</strong></span> 
     </span>
     <span class='ocr_line' id='line_1_20' title="bbox 87 1905 1092 1984; baseline 0.001 -21"><span class='ocrx_word' id='word_1_154' title='bbox 87 1921 162 1984; x_wconf 90' lang='lat' dir='ltr'><strong>quas</strong></span> <span class='ocrx_word' id='word_1_155' title='bbox 178 1905 260 1983; x_wconf 91' lang='lat' dir='ltr'><strong>pasci</strong></span> <span class='ocrx_word' id='word_1_156' title='bbox 278 1907 492 1965; x_wconf 82' lang='lat' dir='ltr'><strong>existumentur.</strong></span> <span class='ocrx_word' id='word_1_157' title='bbox 523 1915 588 1966; x_wconf 88' lang='lat' dir='ltr'><strong>sunt</strong></span> <span class='ocrx_word' id='word_1_158' title='bbox 606 1915 636 1964; x_wconf 86' lang='lat' dir='ltr'><strong>et</strong></span> <span class='ocrx_word' id='word_1_159' title='bbox 650 1905 741 1979; x_wconf 86' lang='lat' dir='ltr'><strong>aliae,</strong></span> <span class='ocrx_word' id='word_1_160' title='bbox 758 1905 811 1964; x_wconf 87' lang='lat' dir='ltr'><strong>sed</strong></span> <span class='ocrx_word' id='word_1_161' title='bbox 828 1921 953 1983; x_wconf 86' lang='lat' dir='ltr'><strong>superne</strong></span> <span class='ocrx_word' id='word_1_162' title='bbox 972 1921 1092 1964; x_wconf 86' lang='lat' dir='ltr'><strong>concre-</strong></span> 
     </span>
     <span class='ocr_line' id='line_1_21' title="bbox 48 1987 1092 2067; baseline -0.001 -19"><span class='ocrx_word' id='word_1_163' title='bbox 48 2005 75 2048; x_wconf 79' lang='lat' dir='ltr'><strong>eo</strong></span> <span class='ocrx_word' id='word_1_164' title='bbox 87 2000 148 2052; x_wconf 86' lang='lat' dir='ltr'><strong>tae.</strong></span> <span class='ocrx_word' id='word_1_165' title='bbox 180 1997 210 2048; x_wconf 90' lang='lat' dir='ltr'><strong>et</strong></span> <span class='ocrx_word' id='word_1_166' title='bbox 224 1987 347 2050; x_wconf 88' lang='lat' dir='ltr'><strong>subesse</strong></span> <span class='ocrx_word' id='word_1_167' title='bbox 363 1989 527 2050; x_wconf 86' lang='lat' dir='ltr'><strong>membrana</strong></span> <span class='ocrx_word' id='word_1_168' title='bbox 544 1989 683 2067; x_wconf 86' lang='lat' dir='ltr'><strong>quaedam</strong></span> <span class='ocrx_word' id='word_1_169' title='bbox 703 1989 849 2048; x_wconf 86' lang='lat' dir='ltr'><strong>radicibus</strong></span> <span class='ocrx_word' id='word_1_170' title='bbox 866 2006 964 2048; x_wconf 89' lang='lat' dir='ltr'><strong>earum</strong></span> <span class='ocrx_word' id='word_1_171' title='bbox 979 1988 1092 2058; x_wconf 82' lang='lat' dir='ltr'><strong>intelle-</strong></span> 
     </span>
     <span class='ocr_line' id='line_1_22' title="bbox 84 2071 1093 2152; baseline 0 -21"><span class='ocrx_word' id='word_1_172' title='bbox 84 2073 174 2152; x_wconf 85' lang='lat' dir='ltr'><strong>gitur</strong></span> <span class='ocrx_word' id='word_1_173' title='bbox 213 2071 322 2134; x_wconf 82' lang='lat' dir='ltr'><strong>Vivere</strong></span> <span class='ocrx_word' id='word_1_174' title='bbox 345 2083 458 2134; x_wconf 84' lang='lat' dir='ltr'><strong>constat</strong></span> <span class='ocrx_word' id='word_1_175' title='bbox 486 2075 575 2150; x_wconf 86' lang='lat' dir='ltr'><strong>longo</strong></span> <span class='ocrx_word' id='word_1_176' title='bbox 603 2082 746 2150; x_wconf 86' lang='lat' dir='ltr'><strong>tempore.</strong></span> <span class='ocrx_word' id='word_1_177' title='bbox 780 2072 947 2132; x_wconf 87' lang='lat' dir='ltr'><strong>Pessnmum</strong></span> <span class='ocrx_word' id='word_1_178' title='bbox 970 2073 1093 2132; x_wconf 89' lang='lat' dir='ltr'><strong>omnium</strong></span> 
     </span>
     <span class='ocr_line' id='line_1_23' title="bbox 84 2153 1092 2244; baseline -0.002 -28"><span class='ocrx_word' id='word_1_179' title='bbox 84 2175 181 2236; x_wconf 87' lang='lat' dir='ltr'><strong>genus</strong></span> <span class='ocrx_word' id='word_1_180' title='bbox 197 2167 242 2216; x_wconf 88' lang='lat' dir='ltr'><strong>est</strong></span> <span class='ocrx_word' id='word_1_181' title='bbox 257 2175 355 2220; x_wconf 86' lang='lat' dir='ltr'><strong>earum</strong></span> <span class='ocrx_word' id='word_1_182' title='bbox 370 2175 445 2236; x_wconf 90' lang='lat' dir='ltr'><strong>quae</strong></span> <span class='ocrx_word' id='word_1_183' title='bbox 461 2158 592 2244; x_wconf 81' lang='lat' dir='ltr'><strong>aplysiae</strong></span> <span class='ocrx_word' id='word_1_184' title='bbox 609 2165 764 2230; x_wconf 82' lang='lat' dir='ltr'><strong>vocantur,</strong></span> <span class='ocrx_word' id='word_1_185' title='bbox 786 2153 851 2234; x_wconf 87' lang='lat' dir='ltr'><strong>quia</strong></span> <span class='ocrx_word' id='word_1_186' title='bbox 874 2155 934 2214; x_wconf 88' lang='lat' dir='ltr'><strong>elui</strong></span> <span class='ocrx_word' id='word_1_187' title='bbox 947 2173 1005 2215; x_wconf 88' lang='lat' dir='ltr'><strong>non</strong></span> <span class='ocrx_word' id='word_1_188' title='bbox 1024 2173 1092 2232; x_wconf 89' lang='lat' dir='ltr'><strong>pos·</strong></span> 
     </span>
     <span class='ocr_line' id='line_1_24' title="bbox 84 2239 1093 2341; baseline -0.006 -37"><span class='ocrx_word' id='word_1_189' title='bbox 84 2251 171 2341; x_wconf 80' lang='lat' dir='ltr'><strong>sunt,</strong></span> <span class='ocrx_word' id='word_1_190' title='bbox 197 2242 226 2300; x_wconf 90' lang='lat' dir='ltr'><strong>in</strong></span> <span class='ocrx_word' id='word_1_191' title='bbox 251 2243 355 2322; x_wconf 90' lang='lat' dir='ltr'><strong>quibus</strong></span> <span class='ocrx_word' id='word_1_192' title='bbox 386 2259 508 2318; x_wconf 83' lang='lat' dir='ltr'><strong>magnae</strong></span> <span class='ocrx_word' id='word_1_193' title='bbox 535 2249 600 2300; x_wconf 87' lang='lat' dir='ltr'><strong>sunt</strong></span> <span class='ocrx_word' id='word_1_194' title='bbox 624 2240 737 2299; x_wconf 84' lang='lat' dir='ltr'><strong>fistolae</strong></span> <span class='ocrx_word' id='word_1_195' title='bbox 762 2248 792 2298; x_wconf 90' lang='lat' dir='ltr'><strong>et</strong></span> <span class='ocrx_word' id='word_1_196' title='bbox 817 2239 930 2318; x_wconf 88' lang='lat' dir='ltr'><strong>reliqua</strong></span> <span class='ocrx_word' id='word_1_197' title='bbox 964 2239 1093 2298; x_wconf 84' lang='lat' dir='ltr'><strong>densitas</strong></span> 
     </span>
     <span class='ocr_line' id='line_1_25' title="bbox 86 2328 194 2386; baseline -0.01 0"><span class='ocrx_word' id='word_1_198' title='bbox 86 2328 194 2386; x_wconf 87' lang='lat' dir='ltr'><strong>sissa.</strong></span> 
     </span>
     <span class='ocr_line' id='line_1_26' title="bbox 46 2345 1133 2488; baseline -0.001 -17"><span class='ocrx_word' id='word_1_199' title='bbox 46 2423 73 2466; x_wconf 70' lang='grc' dir='ltr'><strong>τι</strong></span> <span class='ocrx_word' id='word_1_200' title='bbox 103 2345 123 2405; x_wconf 67' lang='lat' dir='ltr'>p</span> <span class='ocrx_word' id='word_1_201' title='bbox 149 2409 200 2470; x_wconf 78' lang='grc'><strong>46.</strong></span> <span class='ocrx_word' id='word_1_202' title='bbox 224 2409 308 2488; x_wconf 81' lang='lat'><strong>(70.)</strong></span> <span class='ocrx_word' id='word_1_203' title='bbox 331 2408 531 2470; x_wconf 78' lang='lat' dir='ltr'><strong>Canicularum</strong></span> <span class='ocrx_word' id='word_1_204' title='bbox 545 2425 676 2469; x_wconf 85' lang='lat' dir='ltr'><strong>maxume</strong></span> <span class='ocrx_word' id='word_1_205' title='bbox 692 2407 843 2467; x_wconf 86' lang='lat' dir='ltr'><strong>multitudo</strong></span> <span class='ocrx_word' id='word_1_206' title='bbox 860 2408 937 2466; x_wconf 84' lang='lat' dir='ltr'><strong>eirca</strong></span> <span class='ocrx_word' id='word_1_207' title='bbox 953 2425 1003 2466; x_wconf 88' lang='lat' dir='ltr'><strong>eas</strong></span> <span class='ocrx_word' id='word_1_208' title='bbox 1019 2425 1075 2465; x_wconf 86' lang='lat' dir='ltr'><strong>um·</strong></span> <span class='ocrx_word' id='word_1_209' title='bbox 1084 2418 1133 2470; x_wconf 81' lang='lat'><strong>151</strong></span> 
     </span>
     <span class='ocr_line' id='line_1_27' title="bbox 83 2491 1093 2572; baseline -0.006 -16"><span class='ocrx_word' id='word_1_210' title='bbox 83 2495 180 2556; x_wconf 89' lang='lat' dir='ltr'><strong>nantis</strong></span> <span class='ocrx_word' id='word_1_211' title='bbox 198 2495 284 2571; x_wconf 80' lang='lat' dir='ltr'><strong>gravi</strong></span> <span class='ocrx_word' id='word_1_212' title='bbox 314 2494 447 2572; x_wconf 88' lang='lat' dir='ltr'><strong>periculo</strong></span> <span class='ocrx_word' id='word_1_213' title='bbox 468 2493 596 2554; x_wconf 82' lang='lat' dir='ltr'><strong>infestat.</strong></span> <span class='ocrx_word' id='word_1_214' title='bbox 634 2495 689 2571; x_wconf 90' lang='lat' dir='ltr'><strong>ipsi</strong></span> <span class='ocrx_word' id='word_1_215' title='bbox 709 2492 805 2552; x_wconf 86' lang='lat' dir='ltr'><strong>lemnt</strong></span> <span class='ocrx_word' id='word_1_216' title='bbox 829 2501 861 2552; x_wconf 93' lang='lat' dir='ltr'><strong>et</strong></span> <span class='ocrx_word' id='word_1_217' title='bbox 877 2491 983 2552; x_wconf 83' lang='lat' dir='ltr'><strong>nubem</strong></span> <span class='ocrx_word' id='word_1_218' title='bbox 1005 2507 1093 2570; x_wconf 91' lang='lat' dir='ltr'><strong>quau·</strong></span> 
     </span>
     <span class='ocr_line' id='line_1_28' title="bbox 19 2577 1092 2658; baseline -0.005 -18"><span class='ocrx_word' id='word_1_219' title='bbox 19 2637 22 2646; x_wconf 63' lang='lat'><strong>.</strong></span> <span class='ocrx_word' id='word_1_220' title='bbox 84 2581 151 2640; x_wconf 86' lang='lat' dir='ltr'><strong>dam</strong></span> <span class='ocrx_word' id='word_1_221' title='bbox 178 2595 368 2640; x_wconf 87' lang='lat' dir='ltr'><strong>crassescere</strong></span> <span class='ocrx_word' id='word_1_222' title='bbox 387 2597 478 2657; x_wconf 90' lang='lat' dir='ltr'><strong>super</strong></span> <span class='ocrx_word' id='word_1_223' title='bbox 498 2580 593 2658; x_wconf 87' lang='lat' dir='ltr'><strong>capita</strong></span> <span class='ocrx_word' id='word_1_224' title='bbox 618 2577 779 2638; x_wconf 87' lang='lat' dir='ltr'><strong>animalium</strong></span> <span class='ocrx_word' id='word_1_225' title='bbox 800 2577 951 2656; x_wconf 87' lang='lat' dir='ltr'><strong>planorum</strong></span> <span class='ocrx_word' id='word_1_226' title='bbox 971 2578 1092 2654; x_wconf 88' lang='lat' dir='ltr'><strong>piscium</strong></span> 
     </span>
     <span class='ocr_line' id='line_1_29' title="bbox 84 2659 1093 2742; baseline -0.005 -18"><span class='ocrx_word' id='word_1_227' title='bbox 84 2663 225 2737; x_wconf 85' lang='lat' dir='ltr'><strong>similem,</strong></span> <span class='ocrx_word' id='word_1_228' title='bbox 241 2671 422 2742; x_wconf 88' lang='lat' dir='ltr'><strong>prementem</strong></span> <span class='ocrx_word' id='word_1_229' title='bbox 435 2677 488 2722; x_wconf 84' lang='lat' dir='ltr'><strong>ecs</strong></span> <span class='ocrx_word' id='word_1_230' title='bbox 504 2673 710 2742; x_wconf 82' lang='lat' dir='ltr'><strong>arcentemque</strong></span> <span class='ocrx_word' id='word_1_231' title='bbox 729 2680 745 2721; x_wconf 92' lang='lat' dir='ltr'><strong>a</strong></span> <span class='ocrx_word' id='word_1_232' title='bbox 764 2661 992 2740; x_wconf 88' lang='lat' dir='ltr'><strong>reciprocando,</strong></span> <span class='ocrx_word' id='word_1_233' title='bbox 1010 2669 1039 2721; x_wconf 89' lang='lat' dir='ltr'><strong>et</strong></span> <span class='ocrx_word' id='word_1_234' title='bbox 1055 2659 1093 2720; x_wconf 89' lang='lat' dir='ltr'><strong>ob</strong></span> 
     </span>
     <span class='ocr_line' id='line_1_30' title="bbox 4 2745 1093 2825; baseline -0.004 -19"><span class='ocrx_word' id='word_1_235' title='bbox 4 2745 9 2754; x_wconf 86' lang='grc'><strong>“</strong></span> <span class='ocrx_word' id='word_1_236' title='bbox 84 2747 115 2806; x_wconf 94' lang='lat' dir='ltr'><strong>id</strong></span> <span class='ocrx_word' id='word_1_237' title='bbox 133 2746 216 2806; x_wconf 87' lang='lat' dir='ltr'><strong>stilos</strong></span> <span class='ocrx_word' id='word_1_238' title='bbox 233 2756 406 2825; x_wconf 88' lang='lat' dir='ltr'><strong>praeacutos</strong></span> <span class='ocrx_word' id='word_1_239' title='bbox 420 2748 494 2807; x_wconf 89' lang='lat' dir='ltr'><strong>liniis</strong></span> <span class='ocrx_word' id='word_1_240' title='bbox 510 2748 640 2808; x_wconf 82' lang='lat' dir='ltr'><strong>adnexos</strong></span> <span class='ocrx_word' id='word_1_241' title='bbox 655 2747 765 2808; x_wconf 87' lang='lat' dir='ltr'><strong>habere</strong></span> <span class='ocrx_word' id='word_1_242' title='bbox 781 2765 860 2822; x_wconf 89' lang='lat' dir='ltr'><strong>sese,</strong></span> <span class='ocrx_word' id='word_1_243' title='bbox 875 2748 940 2824; x_wconf 89' lang='lat' dir='ltr'><strong>quia</strong></span> <span class='ocrx_word' id='word_1_244' title='bbox 956 2747 1010 2806; x_wconf 83' lang='lat' dir='ltr'><strong>nisi</strong></span> <span class='ocrx_word' id='word_1_245' title='bbox 1026 2760 1093 2824; x_wconf 88' lang='lat' dir='ltr'><strong>per·</strong></span> 
     </span>
     <span class='ocr_line' id='line_1_31' title="bbox 48 2830 1089 2910; baseline -0.007 -20"><span class='ocrx_word' id='word_1_246' title='bbox 48 2846 75 2890; x_wconf 81' lang='lat' dir='ltr'><strong>so</strong></span> <span class='ocrx_word' id='word_1_247' title='bbox 85 2831 189 2895; x_wconf 80' lang='lat' dir='ltr'><strong>fossae</strong></span> <span class='ocrx_word' id='word_1_248' title='bbox 199 2833 237 2892; x_wconf 87' lang='lat' dir='ltr'><strong>ita</strong></span> <span class='ocrx_word' id='word_1_249' title='bbox 249 2849 306 2892; x_wconf 88' lang='lat' dir='ltr'><strong>non</strong></span> <span class='ocrx_word' id='word_1_250' title='bbox 317 2832 468 2909; x_wconf 81' lang='lat' dir='ltr'><strong>recedant,</strong></span> <span class='ocrx_word' id='word_1_251' title='bbox 477 2831 607 2909; x_wconf 85' lang='lat' dir='ltr'><strong>caliginis</strong></span> <span class='ocrx_word' id='word_1_252' title='bbox 620 2841 651 2890; x_wconf 86' lang='lat' dir='ltr'><strong>et</strong></span> <span class='ocrx_word' id='word_1_253' title='bbox 661 2831 789 2910; x_wconf 86' lang='lat' dir='ltr'><strong>pavoris,</strong></span> <span class='ocrx_word' id='word_1_254' title='bbox 803 2836 833 2889; x_wconf 89' lang='lat' dir='ltr'><strong>ut</strong></span> <span class='ocrx_word' id='word_1_255' title='bbox 845 2830 980 2905; x_wconf 77' lang='lat' dir='ltr'><strong>arbitror,</strong></span> <span class='ocrx_word' id='word_1_256' title='bbox 989 2845 1089 2906; x_wconf 90' lang='lat' dir='ltr'><strong>opere.</strong></span> 
     </span>
     <span class='ocr_line' id='line_1_32' title="bbox 85 2913 1089 2994; baseline -0.006 -20"><span class='ocrx_word' id='word_1_257' title='bbox 85 2915 192 2976; x_wconf 88' lang='lat' dir='ltr'><strong>nubem</strong></span> <span class='ocrx_word' id='word_1_258' title='bbox 216 2916 290 2976; x_wconf 85' lang='lat' dir='ltr'><strong>enim</strong></span> <span class='ocrx_word' id='word_1_259' title='bbox 311 2925 341 2974; x_wconf 93' lang='lat' dir='ltr'><strong>et</strong></span> <span class='ocrx_word' id='word_1_260' title='bbox 365 2915 516 2991; x_wconf 85' lang='lat' dir='ltr'><strong>nebulam,</strong></span> <span class='ocrx_word' id='word_1_261' title='bbox 538 2917 749 2994; x_wconf 78' lang='lat' dir='ltr'><strong>cuiusnomine</strong></span> <span class='ocrx_word' id='word_1_262' title='bbox 770 2913 797 2972; x_wconf 92' lang='lat' dir='ltr'><strong>id</strong></span> <span class='ocrx_word' id='word_1_263' title='bbox 812 2915 916 2974; x_wconf 85' lang='lat' dir='ltr'><strong>malum</strong></span> <span class='ocrx_word' id='word_1_264' title='bbox 932 2913 1089 2992; x_wconf 89' lang='lat' dir='ltr'><strong>appellant,</strong></span> 
     </span>
     <span class='ocr_line' id='line_1_33' title="bbox 85 2995 1211 3078; baseline -0.002 -18"><span class='ocrx_word' id='word_1_265' title='bbox 85 3001 163 3062; x_wconf 85' lang='lat' dir='ltr'><strong>inter</strong></span> <span class='ocrx_word' id='word_1_266' title='bbox 178 3001 311 3062; x_wconf 80' lang='lat' dir='ltr'><strong>anbnalia</strong></span> <span class='ocrx_word' id='word_1_267' title='bbox 328 2999 396 3060; x_wconf 90' lang='lat' dir='ltr'><strong>haut</strong></span> <span class='ocrx_word' id='word_1_268' title='bbox 410 2999 497 3061; x_wconf 91' lang='lat' dir='ltr'><strong>ullam</strong></span> <span class='ocrx_word' id='word_1_269' title='bbox 514 3001 648 3078; x_wconf 88' lang='lat' dir='ltr'><strong>conperit</strong></span> <span class='ocrx_word' id='word_1_270' title='bbox 659 3000 819 3076; x_wconf 87' lang='lat' dir='ltr'><strong>quisquam.</strong></span> <span class='ocrx_word' id='word_1_271' title='bbox 851 2997 922 3058; x_wconf 83' lang='lat' dir='ltr'><strong>Cum</strong></span> <span class='ocrx_word' id='word_1_272' title='bbox 936 2995 1073 3056; x_wconf 86' lang='lat' dir='ltr'><strong>caniculis</strong></span> <span class='ocrx_word' id='word_1_273' title='bbox 1083 3005 1133 3058; x_wconf 77' lang='lat'><strong>152</strong></span> <span class='ocrx_word' id='word_1_274' title='bbox 1175 3003 1180 3023; x_wconf 72' lang='grc'><strong>“</strong></span> <span class='ocrx_word' id='word_1_275' title='bbox 1199 3027 1211 3034; x_wconf 82' lang='grc'>-</span> 
     </span>
     <span class='ocr_line' id='line_1_34' title="bbox 85 3083 1089 3162; baseline -0.008 -18"><span class='ocrx_word' id='word_1_276' title='bbox 85 3095 172 3144; x_wconf 84' lang='lat' dir='ltr'><strong>atrox</strong></span> <span class='ocrx_word' id='word_1_277' title='bbox 187 3085 342 3144; x_wconf 88' lang='lat' dir='ltr'><strong>dimicatio.</strong></span> <span class='ocrx_word' id='word_1_278' title='bbox 373 3086 487 3162; x_wconf 83' lang='lat' dir='ltr'><strong>inguina</strong></span> <span class='ocrx_word' id='word_1_279' title='bbox 510 3093 539 3143; x_wconf 88' lang='lat' dir='ltr'><strong>et</strong></span> <span class='ocrx_word' id='word_1_280' title='bbox 555 3084 644 3143; x_wconf 88' lang='lat' dir='ltr'><strong>calcis</strong></span> <span class='ocrx_word' id='word_1_281' title='bbox 660 3100 832 3162; x_wconf 85' lang='lat' dir='ltr'><strong>omnemque</strong></span> <span class='ocrx_word' id='word_1_282' title='bbox 855 3083 1010 3143; x_wconf 85' lang='lat' dir='ltr'><strong>candorem</strong></span> <span class='ocrx_word' id='word_1_283' title='bbox 1025 3095 1089 3137; x_wconf 88' lang='lat' dir='ltr'><strong>cor·</strong></span> 
     </span>
     <span class='ocr_line' id='line_1_35' title="bbox 84 3167 1087 3249; baseline -0.008 -21"><span class='ocrx_word' id='word_1_284' title='bbox 84 3186 189 3248; x_wconf 91' lang='lat' dir='ltr'><strong>porum</strong></span> <span class='ocrx_word' id='word_1_285' title='bbox 212 3167 360 3247; x_wconf 87' lang='lat' dir='ltr'><strong>adpetunt.</strong></span> <span class='ocrx_word' id='word_1_286' title='bbox 396 3169 474 3228; x_wconf 86' lang='lat' dir='ltr'><strong>salus</strong></span> <span class='ocrx_word' id='word_1_287' title='bbox 496 3187 552 3229; x_wconf 86' lang='lat' dir='ltr'><strong>nna</strong></span> <span class='ocrx_word' id='word_1_288' title='bbox 573 3169 601 3226; x_wconf 91' lang='lat' dir='ltr'><strong>in</strong></span> <span class='ocrx_word' id='word_1_289' title='bbox 623 3168 762 3249; x_wconf 85' lang='lat' dir='ltr'><strong>adversas</strong></span> <span class='ocrx_word' id='word_1_290' title='bbox 779 3169 865 3228; x_wconf 90' lang='lat' dir='ltr'><strong>eundi</strong></span> <span class='ocrx_word' id='word_1_291' title='bbox 880 3167 1014 3242; x_wconf 90' lang='lat' dir='ltr'><strong>ultroque</strong></span> <span class='ocrx_word' id='word_1_292' title='bbox 1030 3172 1087 3220; x_wconf 90' lang='lat' dir='ltr'><strong>ter-</strong></span> 
     </span>
     <span class='ocr_line' id='line_1_36' title="bbox 46 3252 1091 3332; baseline -0.004 -23"><span class='ocrx_word' id='word_1_293' title='bbox 46 3252 179 3314; x_wconf 74' lang='lat' dir='ltr'><strong>serendi.</strong></span> <span class='ocrx_word' id='word_1_294' title='bbox 212 3262 301 3332; x_wconf 87' lang='lat' dir='ltr'><strong>pavet</strong></span> <span class='ocrx_word' id='word_1_295' title='bbox 321 3255 395 3313; x_wconf 86' lang='lat' dir='ltr'><strong>enim</strong></span> <span class='ocrx_word' id='word_1_296' title='bbox 415 3253 557 3314; x_wconf 88' lang='lat' dir='ltr'><strong>bominem</strong></span> <span class='ocrx_word' id='word_1_297' title='bbox 576 3270 670 3330; x_wconf 87' lang='lat' dir='ltr'><strong>aeque</strong></span> <span class='ocrx_word' id='word_1_298' title='bbox 688 3269 723 3310; x_wconf 91' lang='lat' dir='ltr'><strong>ac</strong></span> <span class='ocrx_word' id='word_1_299' title='bbox 738 3260 846 3326; x_wconf 87' lang='lat' dir='ltr'><strong>terret,</strong></span> <span class='ocrx_word' id='word_1_300' title='bbox 870 3261 899 3310; x_wconf 88' lang='lat' dir='ltr'><strong>et</strong></span> <span class='ocrx_word' id='word_1_301' title='bbox 915 3267 980 3309; x_wconf 91' lang='lat' dir='ltr'><strong>sors</strong></span> <span class='ocrx_word' id='word_1_302' title='bbox 998 3265 1091 3325; x_wconf 88' lang='lat' dir='ltr'><strong>aequa</strong></span> 
     </span>
     <span class='ocr_line' id='line_1_37' title="bbox 83 3333 1088 3416; baseline -0.008 -19"><span class='ocrx_word' id='word_1_303' title='bbox 83 3339 114 3398; x_wconf 90' lang='lat' dir='ltr'><strong>in</strong></span> <span class='ocrx_word' id='word_1_304' title='bbox 129 3337 256 3416; x_wconf 81' lang='lat' dir='ltr'><strong>gurgite.</strong></span> <span class='ocrx_word' id='word_1_305' title='bbox 287 3337 363 3398; x_wconf 61' lang='lat' dir='ltr'><strong>ut&#39;ad</strong></span> <span class='ocrx_word' id='word_1_306' title='bbox 379 3356 486 3396; x_wconf 90' lang='lat' dir='ltr'><strong>summa</strong></span> <span class='ocrx_word' id='word_1_307' title='bbox 502 3355 594 3416; x_wconf 89' lang='lat' dir='ltr'><strong>aquae</strong></span> <span class='ocrx_word' id='word_1_308' title='bbox 610 3345 724 3396; x_wconf 88' lang='lat' dir='ltr'><strong>ventum</strong></span> <span class='ocrx_word' id='word_1_309' title='bbox 739 3346 799 3412; x_wconf 85' lang='lat' dir='ltr'><strong>est,</strong></span> <span class='ocrx_word' id='word_1_310' title='bbox 815 3336 853 3394; x_wconf 88' lang='lat' dir='ltr'><strong>ibi</strong></span> <span class='ocrx_word' id='word_1_311' title='bbox 866 3333 1026 3413; x_wconf 87' lang='lat' dir='ltr'><strong>periculum</strong></span> <span class='ocrx_word' id='word_1_312' title='bbox 1041 3349 1088 3391; x_wconf 89' lang='lat' dir='ltr'><strong>an·</strong></span> 
     </span>
     <span class='ocr_line' id='line_1_38' title="bbox 84 3421 1089 3501; baseline -0.004 -21"><span class='ocrx_word' id='word_1_313' title='bbox 84 3440 158 3500; x_wconf 85' lang='lat' dir='ltr'><strong>ceps</strong></span> <span class='ocrx_word' id='word_1_314' title='bbox 184 3421 317 3501; x_wconf 87' lang='lat' dir='ltr'><strong>adempta</strong></span> <span class='ocrx_word' id='word_1_315' title='bbox 339 3423 451 3482; x_wconf 88' lang='lat' dir='ltr'><strong>ratione</strong></span> <span class='ocrx_word' id='word_1_316' title='bbox 468 3432 568 3482; x_wconf 88' lang='lat' dir='ltr'><strong>contra</strong></span> <span class='ocrx_word' id='word_1_317' title='bbox 584 3421 684 3496; x_wconf 87' lang='lat' dir='ltr'><strong>eundi,</strong></span> <span class='ocrx_word' id='word_1_318' title='bbox 708 3421 773 3480; x_wconf 91' lang='lat' dir='ltr'><strong>dum</strong></span> <span class='ocrx_word' id='word_1_319' title='bbox 790 3429 910 3480; x_wconf 85' lang='lat' dir='ltr'><strong>conetur</strong></span> <span class='ocrx_word' id='word_1_320' title='bbox 925 3433 1089 3494; x_wconf 80' lang='lat' dir='ltr'><strong>emergere,</strong></span> 
     </span>
     <span class='ocr_line' id='line_1_39' title="bbox 83 3503 1092 3581; baseline -0.006 -15"><span class='ocrx_word' id='word_1_321' title='bbox 83 3515 114 3566; x_wconf 89' lang='lat' dir='ltr'><strong>et</strong></span> <span class='ocrx_word' id='word_1_322' title='bbox 130 3505 210 3566; x_wconf 90' lang='lat' dir='ltr'><strong>salus</strong></span> <span class='ocrx_word' id='word_1_323' title='bbox 226 3507 319 3566; x_wconf 87' lang='lat' dir='ltr'><strong>omnis</strong></span> <span class='ocrx_word' id='word_1_324' title='bbox 335 3507 364 3566; x_wconf 91' lang='lat' dir='ltr'><strong>in</strong></span> <span class='ocrx_word' id='word_1_325' title='bbox 382 3507 479 3566; x_wconf 86' lang='lat' dir='ltr'><strong>sociis.</strong></span> <span class='ocrx_word' id='word_1_326' title='bbox 511 3508 607 3566; x_wconf 88' lang='lat' dir='ltr'><strong>ionem</strong></span> <span class='ocrx_word' id='word_1_327' title='bbox 623 3506 665 3565; x_wconf 92' lang='lat' dir='ltr'><strong>illi</strong></span> <span class='ocrx_word' id='word_1_328' title='bbox 679 3506 833 3581; x_wconf 79' lang='lat' dir='ltr'><strong>religatum</strong></span> <span class='ocrx_word' id='word_1_329' title='bbox 850 3503 886 3564; x_wconf 90' lang='lat' dir='ltr'><strong>ab</strong></span> <span class='ocrx_word' id='word_1_330' title='bbox 903 3503 1092 3564; x_wconf 81' lang='lat' dir='ltr'><strong>umeriscius</strong></span> 
     </span>
     <span class='ocr_line' id='line_1_40' title="bbox 127 3585 976 3651; baseline -0.004 0"><span class='ocrx_word' id='word_1_331' title='bbox 127 3611 198 3651; x_wconf 76' lang='lat' dir='ltr'><strong>reru.</strong></span> <span class='ocrx_word' id='word_1_332' title='bbox 216 3611 278 3650; x_wconf 75' lang='lat' dir='ltr'><strong>nar.</strong></span> <span class='ocrx_word' id='word_1_333' title='bbox 298 3611 368 3650; x_wconf 87' lang='lat' dir='ltr'><strong>rrrsr.</strong></span> <span class='ocrx_word' id='word_1_334' title='bbox 383 3595 417 3650; x_wconf 92' lang='lat' dir='ltr'><strong>ll.</strong></span> <span class='ocrx_word' id='word_1_335' title='bbox 958 3585 976 3648; x_wconf 84' lang='grc'>8</span> 
     </span>
    </p>
   </div>
   <div class='ocr_carea' id='block_1_3' title="bbox 0 0 1226 3908">
    <p class='ocr_par' dir='ltr' id='par_1_3' title="bbox 0 0 1226 3908">
     <span class='ocr_line' id='line_1_41' title="bbox 0 0 1226 3908; baseline 0 2"><span class='ocrx_word' id='word_1_336' title='bbox 0 0 1226 3908; x_wconf 95' lang='lat' dir='ltr'><strong> </strong></span> 
     </span>
    </p>
   </div>
  </div>
 </body>
</html>
