2444 3908
288 185 368 231 nur.
385 183 477 232 ster.
493 183 569 232 ιιιι.
586 178 671 234 4-7.
692 169 810 250 (Η.)
1002 173 1043 234 45

5 343 125 404 radit
136 343 269 419 ‘agnitum
289 343 317 400 in
332 349 452 400 senesce
466 341 573 400 multos
590 349 656 420 post
672 357 763 400 aureos
777 343 827 420 qni
843 344 987 404 rectoria
1002 345 1042 410 iu·

5 435 126 492 rente
154 427 265 484 luisset.
308 425 383 484 idem
411 425 614 486 divinationem
640 426 780 503 ιιιιιιιίιι
806 427 944 488 iustitiae?
979 447 1048 492 curn

5 511 176 572 Bocchus
197 526 250 568 rex
270 511 385 586 triginta
406 509 568 586 elepbuntie
595 510 714 570 totidem
736 511 763 568 in
779 527 852 588 quos
870 513 984 572 saevire
1000 515 1041 575 iu·
1132 575 1137 582 ,

5 599 175 657 stituerat
196 593 340 672 stipitibus
354 593 498 670 adligatos
514 593 689 669 obiecisset,
706 594 942 672 procursantibus
968 598 1043 658 inter

5 699 85 740 eus
92 680 159 758 aqui
174 678 366 755 lacesserent,
383 694 440 736 nou
457 678 588 755 potuisse
603 677 681 740 cilici
692 679 722 738 ut
738 679 915 741 crudelitatis
930 679 1042 742 alienare

5 763 200 826 ministerio
216 763 413 840 iungerentur.

98 848 133 906 6.
151 847 214 928 (6.)
238 846 417 924 Elephantos
431 847 512 908 ltalia
535 849 655 926 primaru
676 847 746 910 vidit
769 847 851 922 Pyrri
865 849 945 926 ragis
959 847 1039 909 bello
1052 858 1085 913 16

5 944 47 994 et
70 933 179 992 boves
196 930 289 991 Lucas
304 929 465 1010 appellavit
490 934 519 990 in
540 931 663 992 Lucanis
685 933 855 990 visosemo
878 931 957 991 urbis
974 950 1042 1010 qua·

5 1017 266 1092 dringentesimo
277 1017 493 1094 septuagesimo
505 1017 645 1090 seeundo,
658 1015 749 1075 Roma
761 1025 855 1076 auteur
865 1016 1041 1094 intrinurplro

5 1109 156 1180 septem
173 1101 253 1158 aunis
274 1097 308 1158 ad
325 1101 506 1177 superiorem
527 1118 673 1160 numerum
690 1099 804 1176 additis,
827 1099 931 1159 eadem
945 1100 1048 1178 pluro.

5 1203 99 1246 mos
119 1201 194 1244 anno
213 1184 441 1262 quingentesimo
464 1185 594 1244 seeundo
617 1185 738 1243 victoria
754 1183 785 1244 t.
802 1183 912 1244 Metelli
930 1185 1042 1262 pontifi·

9 1272 72 1330 eis
103 1270 135 1326 in
162 1267 261 1327 Sicilia
286 1268 322 1326 de
354 1266 459 1326 Poenis
486 1277 597 1347 captos.
631 1278 745 1329 ιιιιιιιιιι
770 1267 958 1346 quadraginta
985 1269 1042 1328 duo

9 1355 123 1414 farere
147 1361 208 1426 aut,
224 1360 255 1410 ut
271 1352 395 1428 quidam,
416 1363 482 1412 cxc
502 1355 658 1414 transvecti
682 1352 792 1412 retibus
815 1370 885 1430 quas
901 1352 1042 1412 doliorum

13 1437 187 1498 consertis
203 1435 348 1495 ordinibus
360 1439 536 1514 inposuerat.
557 1436 679 1496 Verrius
693 1453 747 1496 eos
761 1453 907 1514 pugnasse
918 1438 947 1496 in
961 1438 1040 1496 circo
1051 1445 1084 1500 17

10 1521 273 1598 interfectosque
291 1520 392 1579 iaetrlis
409 1521 494 1580 tradit
511 1523 649 1599 paenuria
666 1520 779 1595 consili,
796 1522 929 1598 quonism
945 1537 1041 1598 neque

16 1607 67 1666 ali
87 1605 254 1682 placuisset
274 1621 372 1682 neque
396 1605 496 1664 donari
513 1603 641 1682 regibus.
665 1603 695 1663 L.
717 1604 784 1665 Piso
807 1603 940 1664 inductos
962 1605 1040 1664 durn-

15 1697 118 1748 taxut
132 1690 165 1746 in
179 1689 288 1746 circum
304 1696 401 1766 atque,
426 1697 456 1747 nt
472 1697 652 1767 contemptus
672 1705 775 1748 eorum
789 1690 979 1762 irrereseeret,
1004 1689 1040 1748 nb

18 1772 185 1852 operariis
210 1771 306 1831 bestas
331 1772 507 1872 praepilptes
537 1772 708 1833 habentibus
735 1791 789 1852 per
817 1775 925 1832 circum
952 1782 1041 1832 totum

20 1867 131 1917 actos.
153 1873 209 1915 aee
230 1857 298 1936 qnid
313 1855 456 1915 deinde'
437 1874 472 1915 ιιι
488 1857 593 1917 lactum
616 1859 652 1916 slt
675 1867 811 1920 auctores
824 1857 975 1936 explicant
992 1860 1041 1936 qui

5 1939 94 2001 uriom
99 1947 216 2083 7putant
230 1939 409 1998 interiectos
573 1983 575 1988 s
702 1979 704 1984 -

99 2023 188 2100 7.7(
192 2025 216 2102 )
171 2019 322 2083 7Glara
335 2032 381 2082 est
395 2026 476 2084 unius
489 2043 505 2084 e
517 2023 654 2084 Romanis
666 2025 811 2084 dimicatio
824 1989 967 2084 adversus
978 2027 1039 2086 ele·
1050 2037 1084 2092 18

22 2111 187 2189 pharatem,
207 2125 269 2167 enm
284 2107 425 2166 Hannibal
447 2110 579 2186 captivos
596 2118 713 2168 neuros
729 2109 890 2170 dimicare
882 2119 956 2168 rnter
970 2129 1040 2170 sese

26 2194 200 2270 coegisset.
232 2209 353 2269 namque
371 2210 455 2252 unum
470 2193 518 2270 qui
537 2201 689 2268 supererat
706 2191 814 2250 obiecit
830 2192 997 2269 elephanto,
1011 2203 1041 2253 et

25 2275 84 2337 ille
105 2277 208 2335 dimitti
227 2282 338 2353 pactus,
363 2276 388 2333 si
403 2277 612 2349 interemisset,
633 2275 715 2334 solus
732 2277 760 2333 in
776 2275 883 2335 barenu
900 2293 1038 2352 congres-

5 2379 85 2420 esus
102 2375 209 2435 magno
225 2358 385 2420 Poenorum
403 2360 505 2420 dolore
524 2359 660 2418 coniecit.
693 2357 845 2434 Hannibal,
862 2377 925 2418 euru
936 2359 1040 2420 ἒιιιιιιιι

29 2447 100 2504 eius
119 2443 309 2502 dimicationis
331 2453 525 2520 contemptum
544 2443 701 2503 adlaturam
722 2442 818 2502 beluis
839 2443 1038 2520 intellegeret,
1122 2439 1124 2444 ‘
1147 2478 1151 2487 ·

31 2530 155 2606 equites
174 2527 250 2584 arisit
270 2529 319 2604 qui
343 2527 494 2586 abeuntem
514 2527 719 2586 interficerent.
755 2525 962 2605 proboscidem
987 2546 1039 2588 eo-

30 2631 97 2672 rum
118 2611 257 2670 facillime
270 2613 409 2690 amputari
425 2612 506 2686 l’prri
521 2612 699 2690 proeliorum
715 2612 922 2688 experimentis
939 2615 1039 2690 putuit.

30 2696 150 2756 llomae
174 2710 321 2774 pugnasse
343 2693 510 2755 Fenestella
530 2695 614 2755 tradit
636 2697 756 2773 primum
775 2696 901 2754 umrrimn
915 2697 944 2754 ia
958 2697 1038 2756 eireo
1051 2705 1081 2758 19

5 2779 140 2840 nolendi
157 2777 272 2838 Puleltri
289 2779 434 2840 aedilitate
451 2779 541 2839 curuli
557 2778 594 2838 tt.
608 2779 732 2838 Autome
749 2779 785 2838 l.
800 2778 945 2844 costumis
959 2797 1036 2839 coss.

32 2879 112 2924 anno
140 2862 221 2921 urbis
242 2864 459 2922 sexcentesimo
486 2859 723 2941 quinquagesimo
751 2865 859 2942 quinto,
888 2865 957 2922 item
972 2873 1038 2941 post

34 2965 129 3008 annos
147 2959 197 3005 xx
211 2944 394 3006 Lucullorum
410 2947 559 3007 aedilitate
575 2947 667 3006 curuli
679 2949 818 3008 adversus
830 2957 938 3008 aures.
950 2947 1033 3008 Pom·
1045 2957 1080 3008 20

34 3034 83 3109 pei
96 3047 217 3109 quoque
233 3031 325 3090 ulte-ro
343 3031 505 3104 consulatu
522 3030 703 3092 dedicatione
718 3032 818 3111 templi
832 3031 956 3090 Veneris
969 3029 1036 3088 Vic-

33 3117 116 3175 trieis
120 3115 243 3191 ,viginti
259 3132 426 3193 pugnavere
441 3117 469 3173 iu
480 3116 559 3174 circo
577 3125 634 3190 eut,
650 3117 806 3194 etquidem
818 3115 939 3190 undum,
951 3127 1034 3174 xvir.

5 3199 169 3260 tsGaetulis
186 3215 223 3257 ex
238 3195 362 3258 aduerso
376 3197 578 3273 iaculantibus,
601 3199 721 3260 mirabili
740 3202 843 3261 naias
840 3199 1035 3274 dimicatione,

37 3286 83 3362 qui
113 3283 239 3361 pedibus
265 3283 408 3343 confossis
430 3284 524 3362 repsit
547 3283 704 3359 genubus
693 3303 723 3344 ιι
739 3293 890 3355 catervas,
916 3269 1087 3360 mepta·

38 3377 119 3426 scuta
135 3368 247 3426 iaciens
265 3369 293 3429 in
308 3367 446 3442 sublime,
473 3385 548 3444 quae
563 3367 723 3428 decidentln
740 3366 882 3456 uoluptati
902 3373 1035 3442 specten-

39 3451 114 3510 tibus
127 3451 249 3510 erantin
265 3450 366 3511 orbem
377 3454 561 3528 simonetta,
577 3451 727 3512 velutarte
741 3469 801 3512 non
814 3450 916 3510 lurore
930 3447 1036 3510 bslaae
