2444 3908
64 115 72 128 ⁸
183 147 225 211 58
526 155 847 208 c.nnm1sscnnn1

141 314 276 393 adplene
296 312 325 371 id
348 307 399 373 o're
422 312 545 388 iecerit,
573 311 679 372 nullum
702 312 827 372 ominum
840 312 1051 389 praestantius.
1080 311 1189 372 Suntir

185 415 222 456 eo
242 415 352 474 genere
367 399 415 476 qui
432 397 556 457 cervarii
570 404 721 472 vocantur,
740 396 855 474 qualem
873 413 890 454 e
913 394 1039 454 Gellia
1030 413 1061 456 ιιι
1078 395 1189 475 Pompei

152 481 281 558 rollagui
295 482 402 542 borenc
417 491 579 561 spectatum
595 481 726 541 diximus.
742 479 816 540 lluic
833 479 964 558 momnis
979 481 1011 537 in
1027 479 1109 540 lame
1121 499 1189 540 mur

185 565 273 658 denti,
294 568 319 626 si
336 567 511 645 respexerit
536 565 712 628 oblivionem
730 565 787 624 cibi
802 564 967 642 subrepere
983 564 1070 623 aiunt
1087 551 1189 642 digres

185 668 305 730 sumque
317 669 462 730 quaerere
480 650 566 710 eliud.

30 719 36 731 ’
141 743 176 797 85
229 735 289 796 23
304 735 389 813 (35.)
414 733 499 807 Quod
516 731 552 793 ad
569 733 847 812 serpentisattinet‚
873 731 1026 809 volgatum
1048 742 1101 792 est
1121 733 1190 792 colo

184 820 325 880 remeius
344 818 502 897 plerusque
518 827 615 877 terrae
637 817 745 878 habere
761 819 790 876 in
816 833 873 895 qua
886 816 1091 876 occultentur.
1123 819 1189 876 ineu

67 893 70 906 ’
184 921 264 964 mers
279 919 347 962 esse
363 919 482 979 genera.
508 904 615 962 cerasii
631 918 757 981 corpore
782 902 911 962 eminere
934 901 1093 961 cornicula
1113 920 1189 979 saepe

136 1015 138 1022 ι
187 987 415 1065 quadrigemina,
432 1003 553 1064 quorum
572 996 650 1046 motu
665 986 779 1064 reliquo
797 1001 924 1063 corpore
945 986 1106 1046 occultato
1123 986 1188 1046 solli·

186 1072 275 1129 citent
292 1069 328 1130 ud
344 1087 376 1129 se
400 1071 471 1130 avis.
501 1073 645 1147 geminum
667 1079 755 1148 caput
775 1069 1014 1147 amphisbaenae‚
1033 1070 1097 1130 boc
1113 1077 1190 1132 estet

185 1171 201 1214 ιι
218 1153 319 1230 cauda,
335 1162 479 1234 tamquam
497 1172 596 1233 parua
611 1164 691 1215 esset
706 1172 762 1214 uno
778 1170 830 1212 ore
846 1153 925 1212 iundi
940 1171 1107 1214 venenum.
1139 1154 1191 1214 abb

185 1257 319 1317 squamas
340 1257 418 1314 esse,
438 1240 501 1299 eliis
517 1240 656 1319 picturas,
676 1238 806 1298 omnibus
819 1236 937 1296 exitiale
947 1240 1043 1298 virus.
1077 1239 1190 1300 loculus

185 1341 224 1398 ex
238 1323 374 1384 arborum
392 1321 478 1383 ramis
492 1323 610 1399 vibrari,
627 1341 682 1382 nec
698 1322 822 1401 pedibus
837 1330 944 1382 tantum
960 1325 1122 1400 pavendas
1141 1341 1190 1382 ser·

184 1410 282 1486 peutis
305 1408 357 1468 sed
379 1417 409 1466 et
431 1407 531 1467 missili
552 1408 654 1467 volare
678 1415 834 1466 tormento.
865 1406 944 1465 colla
965 1408 1111 1485 aspidum
1132 1410 1189 1468 ime

48 1559 50 1562 ¹
185 1509 319 1551 mescere
343 1491 422 1550 nullo
446 1494 520 1551 ictus
541 1491 672 1552 remedio
688 1500 892 1569 praeterquam
909 1491 933 1548 si
952 1491 1120 1552 confestim
1137 1509 1190 1570 par

141 1583 233 1638 tetes
257 1584 409 1634 contactae
429 1585 619 1654 amputentur.
651 1575 731 1635 Unus
752 1576 818 1635 huic
835 1583 891 1636 tam
911 1574 1062 1653 pestifero
1087 1573 1191 1638 animali

186 1655 289 1718 sen'sos
303 1659 352 1719 vel
367 1662 463 1737 potius
481 1660 612 1720 adiectus
628 1670 681 1720 cst.
711 1661 845 1736 coniugia
862 1658 953 1719 ferme
968 1671 1133 1738 vagantur,
1149 1676 1190 1719 uer

186 1744 239 1801 nisi
256 1761 320 1802 oum
341 1745 404 1823 pari
424 1744 483 1803 vita
505 1753 558 1802 cst.
594 1744 691 1824 itaque
709 1745 848 1804 alterutra
870 1739 1046 1822 interempta
1076 1743 1189 1805 iucredl

186 1826 252 1885 bilis
274 1827 390 1886 ultionis
412 1827 496 1886 alteri
518 1845 596 1886 cura.
635 1830 765 1907 sequitur
790 1828 1025 1902 interfectorem,
1052 1843 1190 1906 unumque

187 1926 250 1968 eum
271 1911 299 1968 in
323 1911 504 1990 quantolibet
530 1911 632 1990 populi
661 1915 774 1990 agmine
796 1911 896 1972 notitia
917 1912 1041 1990 madum
1069 1914 1191 1982 infestat

186 1997 346 2074 perrumpit
361 1997 454 2055 omnis
470 1993 657 2071 difficultatis,
674 2006 805 2075 permeat
820 1997 911 2075 spatia
928 2013 983 2056 nec
994 1997 1052 2056 nisi
1067 1997 1192 2058 amnibus
1214 2039 1215 2072 ÷

142 2087 176 2143 87
189 2089 304 2140 arcetur
334 2089 382 2140 aut
405 2080 579 2159 praeceleri
592 2079 671 2157 luga.
711 2079 776 2140 Non
798 2090 844 2140 est
867 2080 952 2140 lateri
974 2098 1076 2140 rerum
1098 2091 1192 2142 natura
1214 2099 1215 2116 ι

186 2164 296 2244 longius
314 2165 444 2228 malcan
460 2163 588 2225 remedia
603 2167 746 2242 genuerit.
773 2166 829 2225 ium
843 2166 963 2243 primum
978 2164 1111 2225 hebetes
1132 2183 1191 2225 ocu·
1214 2159 1215 2167 '

185 2249 231 2312 los
249 2250 316 2311 huic
327 2251 403 2311 malo
416 2249 505 2326 dedit,
519 2267 630 2329 eosque
640 2266 698 2309 non
709 2251 737 2308 in
750 2248 857 2324 fronte,
869 2249 991 2309 adversa
1002 2257 1033 2308 ut
1045 2257 1192 2320 cerneret,

186 2335 239 2394 sed
265 2337 293 2394 in
318 2335 514 2413 temporibus,
539 2369 581 2381 -
601 2336 699 2412 itaque
718 2334 861 2393 excitatur
875 2333 953 2412 pede
970 2335 1094 2412 saepius
1113 2345 1212 2413 qum

142 2419 259 2491 derisu,
281 2418 388 2478 -.24
407 2418 511 2477 deinde
528 2420 736 2478 interneciuum
749 2417 857 2478 bellum
869 2435 932 2477 cnm
945 2416 1156 2478 ichneumone.

250 2499 334 2576 (36.)
358 2499 464 2558 Notum
482 2509 527 2558 est
542 2503 645 2562 animal
662 2502 717 2562 hac
732 2501 827 2578 gloria
839 2518 970 2562 maxume
985 2501 1014 2560 iu
1028 2502 1140 2562 eadem
1152 2517 1191 2561 m·

186 2589 244 2638 tum
265 2582 413 2661 Aegypto.
445 2584 550 2659 mergit
572 2602 606 2643 sc
627 2586 696 2645 limo
713 2586 830 2665 saepius
854 2588 1003 2664 siccatque
1018 2584 1100 2646 sole
1129 2602 1192 2646 mox

186 2662 234 2723 ubi
251 2664 380 2742 pluribus
397 2664 500 2726 eodem
516 2667 601 2728 modo
618 2687 650 2729 se
668 2671 755 2729 coriis
773 2670 942 2746 loricavits
933 2687 962 2730 m
977 2670 1193 2730 dimicationem

185 2749 292 2828 pergit.
322 2751 350 2808 in
368 2767 403 2810 ea
421 2751 541 2811 caudam
558 2753 694 2814 attollens
715 2756 790 2815 ictus
807 2755 909 2814 inritos
924 2771 1045 2815 aversus
1069 2756 1215 2832 excipit*

186 2834 281 2893 donec
298 2831 419 2912 obliquo
443 2838 539 2915 cupite
563 2839 730 2938 speculatus
750 2839 866 2899 invadat
887 2840 916 2898 ln
930 2838 1031 2898 laucis.
1063 2855 1125 2898 nec
1140 2837 1193 2898 lroc

187 2927 339 2980 contentus
356 2919 431 2980 alind
447 2920 515 2982 baut
529 2923 624 2982 mitius
639 2922 768 2983 debellat
784 2922 897 2984 animal.

142 3014 177 3069 89
250 3003 300 3064 25.
317 3001 401 3081 (37.)
431 3003 616 3066 crocodilum
632 3006 717 3066 habet
736 3005 830 3082 Nilus,
859 3008 1015 3086 quadripes
1042 3007 1194 3080 malumst

185 3098 263 3149 terra
279 3089 389 3167 pariter
406 3105 441 3148 ac
456 3088 570 3150 llumine
585 3091 728 3152 infestum.
757 3109 842 3152 uuum
857 3091 914 3151 hoc
929 3090 1031 3151 animal
1048 3100 1193 3151 terrestre

184 3173 302 3251 linguae
318 3191 372 3232 usu
394 3182 493 3249 caret,
521 3193 604 3234 unum
629 3175 782 3255 superiore
806 3174 907 3236 mobili
927 3174 1043 3236 maxilla
1066 3175 1215 3254 inprimittt

185 3275 311 3318 morsum
326 3258 398 3318 alias
414 3257 572 3320 terribilem
589 3261 753 3338 pectinatim
771 3262 894 3338 stipante
912 3279 944 3320 se
962 3259 1090 3320 dentium
1103 3261 1191 3319 serie.

186 3343 378 3417 magnitudine
402 3343 519 3402 excedit
547 3344 718 3423 plerumque
738 3343 934 3422 duodeviginti
962 3343 1070 3403 cubita.
1118 3344 1193 3422 perit

188 3437 243 3487 tva
259 3437 362 3502 quanta
376 3445 510 3503 anseres,
532 3444 626 3505 eaque
642 3437 724 3487 extra
742 3445 807 3486 eum
822 3429 918 3488 locum
935 3445 1052 3505 semper
1073 3427 1193 3488 incubet
