2482 3910
250 167 349 216 *unu
366 165 457 216 ursa.
474 164 535 212 xm.
555 158 675 216 tlt-tt.
695 146 845 234 (ht-40)
1001 150 1060 212 221

62 325 148 390 oium.
164 323 193 406 id
205 323 283 402 qnod
294 331 439 382 terrenum
447 328 494 380 est
505 317 631 394 friabile,
643 319 787 378 facticium
799 319 916 380 lentum.
932 316 996 380 Nec
1006 328 1105 385 nonio

61 391 197 474 fruticem
217 424 285 468 esse
311 405 438 470 dicunt
429 423 459 464 m
478 401 628 464 Carmania
651 412 680 462 et
705 421 794 482 super
815 401 983 500 Aegyptum
1010 423 1063 482 per

60 493 248 557 Ptolemaeos
259 491 373 551 tralatis
384 489 487 568 plautus
497 497 564 563 aut
580 495 611 550 ut
620 487 669 546 aln
676 487 917 566 degenerante
909 504 937 546 m
949 488 978 548 ιιι
993 491 1063 550 turis

62 577 186 650 arbore,
204 575 363 653 colligique
379 582 409 632 ut
424 573 555 634 cummim
570 572 662 634 inciso
680 574 801 651 cortice,
815 581 843 633 et
858 571 983 650 caprinis
1000 573 1061 649 pel·

40 661 144 722 rlibus
161 659 267 738 excipi.
298 659 391 736 pretia
412 655 733 719 metamaucensis
748 656 839 718 libras
854 672 938 716 asses
952 669 1062 718 XXXX.

61 744 242 806 adulteratur
263 743 348 817 myrti
370 741 452 801 bacis
474 748 503 800 et
527 740 591 800 aliis
606 739 768 801 animalium
781 738 926 802 sordibus.
957 739 1063 800 sinceri

61 829 138 890 odor
154 845 221 886 esse
243 826 330 886 debet
346 825 425 886 ierus
441 833 471 884 et
487 823 698 902 quodammodo
714 825 898 887 solitudinem
913 822 1062 898 redolens,

61 914 158 992 ipsum
172 911 235 970 visu
248 909 365 991 aridum,
382 917 459 969 tactu
475 909 569 968 statim
579 907 767 986 mollescere,
781 925 936 968 accensum
948 905 1062 984 fulgere

62 996 157 1056 odore
172 993 313 1068 iucundo,
329 995 420 1070 gravi.
455 1001 607 1068 myrtatum
622 992 864 1070 deprehenditur,
882 992 1063 1068 crepitatque

27 1082 91 1142 roin
106 1079 175 1156 igni.
209 1087 363 1156 praeterea
378 1078 493 1139 sincero
509 1076 614 1137 calculi
629 1077 725 1154 potius
742 1095 758 1136 e
773 1076 892 1156 rupibus
914 1071 1073 1137 inhaerent

84 1179 150 1230 uam
165 1161 270 1240 pulvis.
356 1185 360 1212 ι

63 1182 83 1242 q
126 1244 211 1323 (38.)
233 1244 266 1304 ln
280 1244 387 1306 Arabia
397 1254 426 1304 et
441 1245 509 1304 olea
520 1243 632 1304 dotatur
647 1244 782 1318 lacrima,
799 1262 855 1322 qua
870 1244 1061 1304 medicamen·
1072 1251 1104 1323 ll

62 1338 121 1390 tum
133 1329 284 1390 confici-tur
299 1326 419 1390 Graecis
435 1329 595 1390 enhaemon
606 1328 712 1391 dictum
722 1328 860 1404 singulari
875 1329 982 1388 ellectu
994 1346 1061 1387 con-

62 1413 210 1482 trahe-ndis
232 1413 382 1474 voluerum
403 1411 596 1474 cicatricibus.
634 1413 662 1470 in
683 1411 828 1472 maritimis
851 1411 906 1472 hae
929 1409 1064 1472 fluctibus

28 1513 54 1560 to
64 1507 206 1574 aestuque
225 1497 410 1574 operiuntur,
432 1514 486 1556 nec
501 1495 593 1558 bacae
609 1506 747 1570 nocetur,
764 1514 828 1556 cum
843 1497 982 1564 constet
974 1514 1002 1554 ιιι
1017 1494 1061 1554 lo·

64 1582 111 1642 liis
130 1581 221 1642 salem
237 1580 369 1659 relinqui.

127 1663 207 1725 Haeo
228 1673 293 1725 sunt
310 1663 467 1742 peculiaria
484 1664 627 1739 Arabiae,
651 1673 680 1723 et
702 1681 793 1742 pauca
809 1623 964 1742 praeterea
987 1681 1063 1725 com·
1052 1672 1107 1728 ·78
1204 1686 1210 1693 ’

62 1749 158 1812 munia
172 1747 241 1808 alibi
256 1749 394 1823 dicenda,
411 1749 545 1828 quoniam
560 1750 589 1808 in
603 1748 638 1808 iis
650 1749 780 1810 vincitur.
810 1749 984 1828 peregrinos
1000 1750 1065 1828 ipsa

62 1833 135 1894 mire
157 1832 265 1891 odores
289 1841 318 1892 et
339 1831 375 1892 ad
398 1841 516 1894 exteros
539 1831 621 1912 petit.
656 1841 733 1894 tanta
760 1833 928 1897 mortalibus
949 1850 1065 1894 suarum

27 1927 161 1981 atterum
177 1917 266 1976 satias
281 1925 328 1976 est
344 1915 560 1995 alienarumque
582 1916 713 1978 aviditas.
747 1917 831 1996 (39.)
856 1926 957 1995 petum
978 1918 1064 1994 igitur

62 2001 92 2064 iu
109 1998 266 2074 Elymaeos
281 1999 415 2060 arborem
429 2000 541 2061 braium
555 2018 695 2078 cupresso
708 2001 789 2064 lusae
805 2002 936 2076 similem,
954 2001 1063 2060 exalbi-

64 2084 109 2145 dis
123 2084 227 2158 ramis,
243 2083 358 2144 iucundi
373 2085 473 2144 odoris
489 2101 643 2144 accensam
660 2093 768 2144 etcum
782 2085 919 2145 miraculo
935 2083 1063 2144 historiis

65 2165 168 2228 Claudi
188 2165 323 2231 Caesaris
343 2168 546 2246 praedicatam.
585 2166 654 2228 lolia
671 2168 736 2226 eins
751 2169 924 2244 inspergere
940 2168 1063 2244 potioni·
1123 2215 1126 2219 .

63 2250 120 2312 bus
134 2250 255 2313 Parthos
264 2250 359 2313 tradit.
387 2251 508 2312 odorem
521 2269 587 2310 esse
601 2247 773 2328 proxumum
785 2249 885 2326 cedro,
901 2249 1063 2329 fumumque

27 2336 247 2408 aeciuscontra
268 2335 346 2412 ligra
366 2336 422 2396 alia
442 2333 581 2396 remedio.
611 2335 738 2414 nascitur
760 2333 834 2393 ultra
849 2333 1011 2410 Pasitigrim
1035 2334 1063 2392 in

63 2417 168 2478 linibus
183 2419 282 2498 oppidi
297 2419 419 2493 Scytrae
432 2421 460 2478 ιιι
474 2427 571 2480 monte
586 2417 744 2482 Scanchro.
763 2418 853 2498 (40.)
870 2426 971 2498 petunt
985 2426 1013 2478 et
1035 2418 1106 2482 tnta

65 2501 223 2562 Carmanos
236 2502 370 2563 arborem
382 2503 509 2562 stobrum
521 2503 558 2563 ad
572 2502 694 2577 suffitus,
709 2502 855 2581 perfusam
868 2503 935 2562 uino
949 2501 1063 2580 palmeo

63 2582 270 2647 accendentes.
301 2587 385 2656 huius
400 2587 473 2648 odor
487 2587 560 2648 redit
577 2605 593 2648 a
609 2587 730 2650 camaris
744 2585 780 2646 ad
796 2587 904 2662 solum,
924 2587 1067 2650 iucundus

64 2669 305 2748 sedadgrauans
330 2671 442 2747 capita,
465 2673 536 2730 citra
558 2671 689 2733 dolorem
713 2679 818 2736 tannen.
855 2669 913 2731 hoc
935 2689 1065 2732 somnum

28 2753 164 2830 ttaegris
183 2762 333 2832 quaerunt.
362 2753 413 2814 His
440 2756 621 2817 commerciis
645 2753 736 2816 Carra
749 2753 887 2833 oppidum
908 2762 1107 2834 aperueram

64 2837 143 2918 qnod
160 2846 206 2897 est
221 2837 279 2899 illis
294 2837 497 2899 nundinarium.
527 2837 592 2898 inde
608 2837 735 2900 Gabbam
751 2855 851 2901 omnes
865 2849 969 2917 petere
986 2839 1063 2898 sole·
1118 2871 1124 2880 ·

63 2921 134 2982 bant
149 2920 258 2982 dierum
275 2936 324 2982 xx
346 2922 448 2982 itinere
471 2932 502 2982 et
515 2921 833 2997 Palaestinenspriam.
855 2932 974 3001 ,postea
990 2919 1063 2981 Cha-

63 3023 164 3068 racem
182 3001 242 3084 peti
265 3016 399 3084 coeptum
414 3025 448 3066 ae
463 3025 552 3083 regna
567 3006 736 3068 Parthorum
754 3025 792 3066 ex
806 3025 840 3067 ea
857 3025 944 3068 causa
962 3013 1063 3069 auctor

65 3098 112 3148 est
132 3087 211 3151 laba.
245 3090 312 3150 mihi
334 3089 369 3150 ad
391 3089 494 3152 Persas
516 3092 601 3152 etiam
616 3091 695 3169 prius
716 3091 770 3152 ista
787 3099 920 3170 portasse
936 3107 1020 3168 quam
1036 3090 1066 3148 in

28 3171 179 3248 assyriam
194 3184 241 3234 aut
255 3174 421 3252 Aegyptum
433 3174 564 3235 videntur
575 3173 725 3234 Herodoto
740 3183 827 3249 teste,
845 3175 893 3251 qui
907 3173 992 3254 tradit
1006 3173 1062 3234 sin·
1134 3224 1136 3229 .

63 3256 133 3334 gula
144 3256 221 3317 milia
233 3259 369 3318 talentum
381 3277 471 3320 annua
482 3259 553 3318 turis
563 3259 725 3337 pensitasse
737 3257 850 3319 Arabas
865 3257 984 3334 regibus
995 3257 1063 3318 Per·

64 3358 169 3400 sarum.
201 3339 246 3402 Ex
262 3343 346 3416 Syria
357 3343 497 3404 revehunt
509 3351 668 3418 styracem,
685 3345 744 3403 acri
760 3343 851 3402 odore
869 3341 930 3401 eius
946 3342 976 3402 in
987 3341 1103 3406 focis81

62 3423 217 3501 abigentes
233 3443 348 3486 snorum
364 3426 515 3490 fastidium.
544 3435 643 3488 cetero
658 3444 714 3487 non
729 3427 785 3489 alia
796 3434 859 3486 sunt
872 3425 943 3503 ligni
953 3445 1065 3504 genera
1154 3479 1156 3483 ι
