2444 3908
177 183 231 270 tit
533 191 841 242 o.rn1u1sncuun1
905 205 911 214 ·

190 346 1195 511 tttttttiu..”ll·t¹.¹¹ultlj¹ttittulit..-

188 528 219 579 ut
233 519 308 594 ignis
323 517 429 596 aliquis
446 515 585 578 amburat.
671 561 674 570 .

147 612 180 666 tt
254 603 337 680 (17.)
359 600 460 662 llirum
475 601 599 679 pardos,
625 601 795 681 pantheras,
818 601 921 662 leones
944 610 974 660 et
994 600 1110 660 similia

189 687 249 748 dito
260 688 288 744 in
300 687 433 763 corporis
444 685 564 760 vaginas
575 688 708 763 unguium
720 702 919 761 mucrone‚.ne
932 684 1142 762 refringantur
1152 684 1178 744 b

187 769 371 842 betenturve‚
387 768 517 845 ingredi,
539 771 709 848 aversisque
725 769 840 830 falculis
862 787 981 828 currere
999 787 1059 830 nec
1077 769 1137 828 nisi
1154 768 1194 831 ab

145 853 315 934 ttpeteudo
330 851 517 930 protendere.
567 853 614 914 16.
630 853 720 916 leoni
742 854 899 932 praecipua
917 855 1112 929 generositas
1134 862 1195 915 tut

189 957 253 999 cum
269 935 347 996 colla
368 951 522 1014 armosque
536 939 663 998 vestiunt
676 937 772 998 iubae.
793 937 821 997 id
845 936 920 996 enim
936 945 1031 996 aetate
1049 935 1194 1012 contingit

187 1023 274 1084 leone
289 1021 449 1098 conceptis.
482 1035 556 1096 quos
570 1037 642 1081 vero
659 1022 740 1100 pardi
755 1037 937 1098 generarem
954 1037 1076 1098 semper
1092 1022 1151 1079 insi
1183 1058 1186 1069 ι

188 1107 246 1166 lroc
275 1112 392 1179 carent,
427 1103 511 1164 simili
535 1105 622 1165 modo
650 1105 783 1166 lemicae.
828 1121 931 1180 magua
975 1103 1069 1164 libido
1103 1107 1168 1165 eoi

190 1198 220 1250 et
236 1187 274 1248 ob
294 1187 351 1248 hoc
373 1187 499 1247 maribus
514 1189 565 1248 ira.
597 1179 698 1248 flrica
717 1188 791 1248 haec
812 1205 943 1248 maxume
963 1198 1082 1267 spectat
1100 1189 1193 1266 iuopit

188 1289 326 1352 aquarum
349 1271 385 1332 ad
416 1288 526 1349 paucos
546 1273 636 1332 amnis
668 1271 912 1350 congregantibus
938 1272 1080 1332 selenis.
1128 1273 1191 1332 ides

187 1357 376 1418 multiformes
392 1355 431 1414 ibi
447 1355 608 1416 animalium
623 1366 723 1434 partus
739 1358 820 1416 varie
842 1356 956 1416 leminis
972 1357 1121 1435 cuiusque
1144 1375 1190 1434 ge·

187 1444 265 1502 neris
286 1442 371 1503 maris
389 1448 437 1499 aut
456 1441 485 1500 vi
503 1449 551 1500 aut
572 1441 720 1502 voluntate
743 1443 893 1500 miscente.
924 1441 998 1500 unde
1020 1441 1114 1500 etiam
1133 1441 1190 1499 vol·

187 1543 259 1604 gare
277 1521 417 1584 Graeciae
439 1523 544 1584 dicutur
558 1543 677 1604 semper
691 1525 799 1602 aliquid
821 1525 888 1584 novi
909 1524 1037 1584 Africam
1059 1525 1152 1584 adle
1171 1550 1173 1555 ·

146 1611 279 1673 liodore
296 1608 378 1686 pardi
393 1608 498 1668 coitum
513 1610 600 1668 sentit
622 1609 650 1668 iu
670 1607 800 1668 adultera
818 1607 866 1668 leo
890 1617 1007 1686 totaque
1022 1609 1052 1666 vi
1069 1624 1189 1668 consur*

188 1695 230 1770 git
246 1693 275 1752 in
296 1709 429 1770 poenam.
459 1692 568 1752 idcirco
584 1709 621 1756 ea
635 1693 721 1770 culpa
735 1687 849 1752 flumine
864 1690 989 1752 abluitur
1005 1701 1056 1751 aut
1074 1691 1187 1770 longius

189 1777 348 1837 comitatur.
379 1776 471 1836 semel
494 1785 588 1837 autem
616 1775 662 1836 edi
683 1785 794 1854 partum
817 1775 947 1836 lacerato
968 1777 1111 1851 unguium
1132 1777 1184 1836 acie

188 1869 271 1921 utero
287 1860 315 1918 in
330 1861 415 1922 enixu
428 1859 546 1937 volgum
567 1859 728 1920 credidisse
747 1859 844 1920 video.
874 1859 1052 1919 Aristoteles
1075 1861 1187 1920 diverso

188 1943 282 2018 tradit,
298 1944 342 2001 vir
354 1961 440 2021 quem
454 1945 482 2002 in
499 1943 545 2004 his
559 1959 662 2020 magua
677 1952 830 2003 secuturus
845 1961 884 2004 ex
899 1953 982 2022 parte
998 1943 1191 2020 praefandum

15 2073 20 2082 .
145 2037 278 2092 streor.
296 2026 464 2088 Alexandro
480 2025 585 2104 ldngoo
600 2044 672 2103 rege
688 2026 860 2088 inflammato
877 2027 1011 2104 cupidine
1027 2029 1192 2106 animalium,

188 2121 304 2173 naturas
326 2111 465 2172 noscendi
481 2110 675 2188 delegataque
690 2110 746 2171 bac
762 2112 1001 2170 commentatione
1022 2109 1184 2186 Aristoteli,

187 2212 297 2258 sommo
313 2196 433 2256 inomni
455 2195 584 2256 doctrina
606 2197 669 2257 viro
697 2194 808 2273 aliquot
828 2194 904 2254 milia
928 2194 1074 2255 hominum
1099 2197 1131 2256 in
1151 2206 1185 2258 to

187 2283 242 2342 tius
263 2281 352 2342 Asiae
378 2277 578 2358 Graeciaeque
600 2288 692 2340 tractu
716 2295 821 2356 parere
845 2279 939 2353 iussu,
964 2279 1090 2340 omnium
1120 2297 1186 2358 quos
1215 2289 1216 2348 i

186 2375 318 2439 renatus,
336 2365 459 2442 aucupia
475 2365 661 2442 piscatusque
677 2361 793 2424 alebant
814 2362 976 2440 quibusque
997 2363 1124 2439 rivaria,
1148 2377 1205 2424 ars

186 2459 292 2522 menta,
309 2448 446 2521 alvearia,
462 2448 601 2524 piscinae,
627 2447 733 2507 aviaria
755 2447 783 2506 iu
799 2463 868 2506 cura
886 2456 976 2521 erant,
999 2464 1036 2506 ne
1059 2449 1132 2526 quid
1146 2467 1184 2510 ua

189 2548 273 2608 quam
294 2531 422 2606 genitum
440 2531 622 2605 ignoraretur
643 2529 679 2588 ab
702 2548 749 2590 eo.
786 2547 861 2608 quos
881 2530 1082 2609 percontando
1110 2535 1183 2611 quin·

82 2624 84 2632 ¹
189 2613 324 2690 quaginta
342 2612 434 2671 lerme
459 2612 603 2672 volumina
631 2611 681 2672 illa
695 2613 846 2691 praeclara
873 2615 910 2675 de
932 2614 1105 2676 animalibus
1123 2634 1183 2676 eon

190 2695 268 2756 didit.
290 2713 375 2773 quae
398 2712 415 2755 a
435 2713 481 2754 ms
508 2695 634 2756 collecta
660 2696 688 2755 in
716 2707 806 2758 artum
828 2715 892 2758 eum
916 2699 951 2758 iis
973 2716 1048 2776 quae
1073 2701 1183 2778 ignora·

188 2787 272 2838 uerat
287 2795 396 2856 quaeso
417 2787 448 2837 ut
468 2779 602 2856 legentes
620 2780 687 2840 boui
702 2782 863 2857 cousulant,
880 2782 908 2840 in
928 2783 1073 2844 universis
1093 2799 1204 2844 cerua

189 2871 306 2922 naturae
323 2862 463 2940 operibus
479 2865 631 2942 medioque
647 2864 797 2926 clarissimi
819 2883 922 2943 regum
935 2867 1060 2926 omnium
1074 2867 1182 2928 deside
1211 2935 1213 2942 ¹

146 2950 233 3010 dorio
255 2963 323 3006 cura
345 2956 443 3007 nostra
465 2947 593 3008 breuiter
608 2947 837 3027 peregrinantes.
871 2950 895 3010 is
917 2967 989 3027 ergo
1007 2949 1097 3012 tradit
1112 2952 1181 3012 leae·

189 3049 253 3094 uam
272 3032 364 3110 primo
386 3029 446 3092 fetu
461 3051 566 3110 parere
591 3034 717 3110 quinque
734 3033 862 3108 catulos,
889 3051 924 3096 ac
941 3053 996 3112 per
1023 3051 1116 3096 anuos
1132 3038 1180 3096 sn

188 3117 274 3196 gulos
289 3131 345 3175 uuo
366 3116 468 3190 minus,
491 3117 597 3177 abnuo
614 3117 811 3177 sterilescere.
843 3117 972 3178 informis
993 3119 1182 3198 minumasque

191 3201 284 3262 carnis
301 3199 493 3277 magnitudine
508 3201 691 3261 mustelarum
709 3202 887 3275 escambio,
913 3204 1064 3264 semestris
1081 3205 1131 3264 vix
1145 3206 1207 3264 ins

190 3285 272 3361 gredi
290 3301 405 3362 posse„
419 3302 474 3345 uec
492 3285 545 3344 uisi
565 3284 709 3344 bimestris
726 3289 848 3360 moveri,
864 3288 893 3346 iu
905 3284 1023 3364 Europa
1038 3296 1133 3348 autem
1146 3289 1181 3346 iu

190 3375 235 3428 ter
245 3367 407 3429 Acheloum
418 3376 523 3428 tantum
536 3367 714 3447 Mestumque
728 3370 817 3428 amuis
829 3371 933 3430 leones
945 3388 1024 3445 esse,
1035 3369 1088 3430 sed
1099 3372 1182 3450 longe

190 3450 298 3512 viribus
316 3454 541 3530 praestantiores
557 3452 592 3512 iis
609 3471 682 3537 quos
698 3451 797 3512 Africa
814 3463 861 3514 aut
876 3455 958 3529 Syria
976 3455 1103 3532 gignant.
