2462 3900
189 188 250 250 276
535 194 565 242 0.
581 193 677 242 Putat
692 191 841 240 uacuum

190 357 245 414 iam
263 349 424 423 veroulios
441 349 548 408 lectuna
563 353 737 423 exspectare
751 361 808 404 non
821 361 924 422 posse,
939 344 1029 404 immo
1046 363 1129 404 vero
1145 363 1197 404 nee
1227 355 1228 360 ’

190 438 323 511 unicam,
339 433 489 510 nudosque
504 430 543 490 ibi
557 430 696 507 protinus*
706 437 736 488 et
750 426 871 508 anheles
885 427 1014 503 ingentm
1030 445 1111 488 vasa
1131 445 1196 488 oon

190 521 298 599 ripere,
317 515 446 578 velutad
463 515 683 574 ostentationem
697 513 814 586 virium,
828 529 864 571 ac
879 510 966 588 plene
977 511 1156 587 infundere,
1171 521 1197 572 m

190 605 283 664 statim
302 608 416 662 vomant
435 615 594 676 rursusque
613 597 757 672 hauriant,
780 595 867 673 idque
886 595 988 654 iterum
1001 597 1195 674 tertiumque,

177 695 330 765 xtamqnam
351 683 388 745 ad
408 680 555 762 perdenda
577 681 642 740 vina
662 681 768 757 geniti,
792 688 821 739 et
842 689 984 757 tamquam
1006 679 1126 754 edundi
1149 680 1213 740 itus

149 779 200 836 lto
211 769 395 848 nonpossint
408 768 462 826 nisi
476 785 530 845 per
545 781 651 844 corpus
664 763 823 824 humanum.
847 763 894 822 Ad
904 763 1132 840 boc.pertinent
1147 782 1194 854 pe

189 855 324 932 regriuae
348 851 574 912 exercitationes
600 857 630 908 et
649 847 790 908 volutatio
810 848 839 914 in
860 863 951 906 caeno
972 863 1008 906 ac
1029 857 1195 924 pectorosa

191 937 315 998 nervicis
332 933 479 1012 repandae
494 932 659 992 ostentatio.
686 933 845 1009 peremnia
859 930 933 990 baec
949 930 1144 1008 praedicatur
1161 933 1194 990 si·

190 1023 227 1081 tis
249 1019 358 1096 quaeri.
390 1019 445 1076 iam
459 1033 531 1076 vero
554 1033 628 1095 qnae
645 1017 674 1074 in
687 1013 814 1074 bibendo
831 1015 999 1089 certamina,
1022 1032 1105 1092 quae
1126 1012 1195 1076 vass

191 1102 338 1164 adulteriis
360 1101 488 1175 caelata,
515 1109 657 1176 tamquam
678 1116 732 1177 per
750 1117 785 1158 se
805 1115 905 1177 parunt
925 1097 1032 1158 doceat
1053 1097 1218 1160 libidinenu

171 1230 174 1238 .
190 1184 370 1246 temulentia!
391 1185 429 1244 ita
444 1185 509 1243 vina
526 1202 563 1244 ex
577 1183 695 1243 libidine
709 1181 884 1258 hauriuntur,
899 1191 986 1259 atque
1001 1184 1093 1242 etiam
1110 1202 1194 1262 pree·

190 1269 246 1330 mio
262 1269 394 1329 invitatur
411 1267 536 1328 ebrietas
553 1277 592 1343 et,
609 1268 634 1326 si
650 1266 693 1326 dis
709 1266 819 1345 placet,
836 1267 947 1328 entitur.
973 1266 1047 1326 alius
1057 1275 1091 1326 ut
1105 1286 1193 1345 quan·

191 1362 249 1414 tum
266 1351 371 1412 biberit
382 1360 489 1420 tantum
501 1351 560 1410 edit
574 1351 696 1428 pretium
707 1350 884 1411 vinolentiae
896 1350 963 1426 lege
974 1351 1102 1428 accipit,
1119 1352 1193 1412 alius

150 1445 198 1500 141
209 1444 342 1516 quantum
356 1435 421 1495 alea
436 1435 593 1514 quaesierit
608 1442 716 1494 tantum
735 1433 815 1494 bibit.
846 1433 925 1496 Tunc
938 1433 1012 1494 nvidi
1030 1444 1193 1498 menonem

192 1519 269 1579 oculi
288 1519 426 1592 licentur,
456 1535 563 1596 graves
587 1516 710 1595 produnt
731 1519 850 1595 merito,
878 1527 944 1578 tunc
966 1518 1051 1578 animi
1071 1529 1228 1594 accretas¹

189 1601 383 1682 proferuntur.
404 1602 453 1662 alii
467 1610 637 1662 testamenta
654 1619 705 1661 sua
719 1611 891 1681 nuncupent,
906 1601 954 1662 alii
964 1601 1120 1680 mortifera
1133 1604 1192 1664 elo
1227 1635 1228 1640 κ

192 1695 292 1746 cuntur
308 1685 508 1764 rediturasque
526 1703 580 1764 per
595 1685 721 1762 iugulum
737 1704 830 1746 voees
844 1697 902 1746 non
916 1687 1080 1760 continent,
1108 1707 1193 1766 quan
1227 1731 1228 1736 ι

190 1770 285 1828 multis
299 1771 337 1830 ita
352 1769 541 1848 interemptis,
557 1769 707 1848 volgoque
718 1771 826 1831 veritas
841 1772 895 1832 iam
906 1769 1040 1830 attributa
1052 1771 1124 1840 vino
1137 1781 1190 1832 est.

190 1853 318 1928 interea,
334 1862 364 1912 nt
380 1862 497 1931 optume
514 1853 609 1928 cedat,
626 1853 718 1912 solem
734 1855 874 1914 orientem
889 1872 946 1914 uon
960 1855 1071 1930 vident,
1088 1873 1128 1914 ac
1143 1857 1191 1914 mi·

75 2004 82 2018 ,
149 1945 263 2000 mnus
281 1935 328 1995 diu
347 1938 454 1994 vivont.
483 1935 551 1996 hinc
572 1936 667 2014 pallor
688 1946 717 1996 et
736 1955 830 2018 genae
851 1938 1011 2016 pendulae,
1038 1938 1215 2000 oculoruma

193 2019 309 2096 ulcera,
332 2016 470 2080 tremulae
485 2037 584 2080 manus
610 2020 790 2082 effundentes
806 2020 892 2100 plena
908 2039 977 2082 vasa
992 2030 1038 2096 et,
1061 2040 1141 2100 quae
1158 2024 1191 2082 sit

190 2119 285 2182 poena
299 2121 457 2182 praesens,
480 2102 599 2164 luriales
623 2107 714 2164 somni
732 2114 762 2164 et
781 2107 894 2184 inquies
910 2114 1051 2168 nocturna
1067 2108 1189 2183 praemi·

93 2197 96 2207 ·
190 2204 295 2264 umque
309 2205 445 2248 summum
468 2187 616 2248 ebrietatis
630 2188 719 2248 libido
734 2197 905 2267 portentosa
919 2207 953 2248 ac
968 2189 1127 2250 iucundum
1142 2209 1189 2250 ne·

80 2263 84 2273 “
189 2270 243 2330 las.
275 2278 393 2347 postero
410 2271 457 2331 die
474 2289 512 2330 ex
527 2289 580 2332 ore
594 2270 698 2332 balitus
714 2273 777 2332 cadi
788 2291 824 2334 ac
834 2291 930 2334 rerum
942 2274 1067 2334 omnium
1078 2273 1189 2333 oblivio

190 2371 326 2430 morsque
342 2355 507 2414 memoriae.
533 2373 639 2434 rapere
655 2373 689 2414 se
702 2357 740 2416 ita
756 2358 842 2416 vitam
857 2356 1035 2435 praedicant,
1052 2359 1215 2437 compris

149 2445 291 2499 latorem
307 2436 382 2496 diem
399 2436 504 2496 cotidie
520 2438 658 2515 perdant,
679 2438 721 2498 illi
737 2457 808 2498 vero
827 2449 857 2499 et
869 2442 1042 2518 venientem.
1072 2439 1189 2502 Tiberio

192 2517 312 2580 Claudio
328 2521 459 2598 principe
482 2530 548 2580 ante
572 2520 627 2582 bos
646 2540 735 2582 annos
757 2536 804 2584 xm
823 2525 978 2584 institutum
995 2533 1026 2584 ut
1042 2525 1137 2586 ieiuni
1153 2526 1189 2584 bl·

191 2600 294 2664 berent
309 2612 452 2682 potusque
467 2605 525 2664 viui
547 2607 735 2666 antecederet
752 2607 845 2684 cibos,
862 2609 989 2670 externis
1005 2617 1033 2666 et
1047 2605 1110 2668 boc
1126 2611 1187 2670 arti

191 2682 244 2742 bus
266 2702 300 2744 ac
315 2685 491 2748 medicorum
506 2686 621 2767 placitis
638 2691 766 2751 novitate
782 2709 899 2771 semper
914 2691 1009 2771 aliqua
1024 2710 1095 2752 sese
1114 2712 1188 2754 coru·

149 2767 409 2832 lotnartensium.
440 2773 562 2849 gloriam
583 2773 638 2832 bac
662 2775 765 2832 virtute
785 2774 881 2836 Parthi
903 2785 1058 2854 quaerunt,
1086 2777 1215 2838 lemano

190 2852 266 2931 apud
282 2852 409 2936 Graecos
424 2856 592 2918 Alcibiades
610 2859 729 2934 meruit,
750 2860 827 2938 apud
849 2878 903 2920 nos
924 2876 1089 2938 cognomen
1106 2867 1190 2934 etiam

107 2945 111 2954 '
189 2935 341 2996 Novellins
357 2937 517 3019 Torquatus
534 2937 773 3018 Mediolanensis,
795 2942 831 3002 ad
847 2943 1084 3023 proconsulatum
1098 2965 1190 3025 usque

191 3031 355 3098 epraetura
366 3021 524 3084 bonoribus
539 3025 641 3101 gestis,
655 3025 746 3086 tribus
757 3027 879 3104 congiis,
896 3027 972 3096 unde
985 3037 1014 3088 et
1026 3046 1192 3108 cognomen

189 3103 231 3164 illi
246 3105 308 3183 fuit,
325 3108 420 3186 epotis
435 3124 493 3166 uno
508 3109 633 3187 impetu,
650 3120 801 3188 spectante
815 3113 947 3175 miraculi
960 3115 1053 3190 gratia
1070 3113 1189 3176 Tiberio

190 3190 330 3268 principe.
363 3192 391 3249 in
406 3200 524 3250 senecta
539 3195 594 3254 iam
616 3212 721 3255 severo
744 3205 830 3274 atque
847 3198 933 3258 etiam
952 3215 1042 3258 saevo
1065 3199 1144 3260 alias
1164 3207 1216 3260 eta

149 3279 198 3334 145
209 3274 266 3350 ipsi
288 3273 402 3338 iuventa
425 3275 589 3338 edmerum
611 3281 730 3357 pronior
749 3280 852 3343 luerat.
891 3300 983 3360 eaque
1007 3285 1188 3346 commenda·

190 3356 269 3415 tione
284 3358 435 3429 credidere
447 3357 478 3420 b.
491 3359 625 3422 Pisonem
639 3363 717 3423 urbis
733 3383 820 3424 curae
838 3366 874 3425 ab
891 3365 1096 3444 eodeleetum,
1113 3367 1191 3446 quod

190 3435 277 3497 biduo
294 3441 468 3524 duabusque
489 3443 622 3506 noctibus
641 3449 872 3528 perpotationem
895 3452 1093 3514 continuasset
1114 3451 1188 3531 apud
