2462 3900
295 194 597 276 Ιιιιι,ι.ιιιιι.ιιιι.
616 187 839 268 nelo-m..
911 193 914 202 ’
1017 183 1077 245 283

66 355 303 416 edorumcausa
315 351 422 413 ὥιιιιιιι
432 361 486 413 ιιι.
513 352 624 414 ludier
639 353 782 414 cumaeis
792 363 823 414 ct
834 355 938 414 sesima
951 363 1036 432 atquc
1049 349 1120 426 ”slim

65 455 170 514 oryna
185 437 286 499 iacere
302 437 443 512 dicamur,
458 437 668 518 Ichthyophagi
678 455 703 496 ‘e
717 437 855 515 piscibus.
882 437 981 516 lncpia
997 437 1076 514 cogit
1086 439 1121 498 m
1179 497 1183 516 ,

66 522 238 602 aliqnando
252 522 386 582 lominum
404 539 492 582 cansa
506 530 569 581 ete
586 521 693 599 platani
707 519 789 580 bacis
805 523 868 582 lieri
883 538 957 601 aqua
973 531 1005 580 et
1017 521 1078 582 sale

65 607 243 667 maceratis.
272 605 311 666 m
332 605 533 668 oenanthinum
555 605 587 664 lit
607 604 644 665 de
666 606 730 684 ipsa
746 605 907 681 oenanthe,
930 614 960 666 ut
975 605 1080 664 dictum

38 715 53 755 s
68 701 121 752 est
138 692 171 749 in
186 691 348 767 unguentis.
384 689 524 751 Glaucino
539 698 660 750 mastum
678 690 842 768 incoquitur
857 706 967 768 vapore
983 689 1075 764 leuto,
1087 686 1122 762 ,¹34

66 775 108 836 ab
137 774 204 833 aliis
227 776 289 834 siue
305 775 364 851 igni
383 774 565 835 circumdatis
587 775 715 833 vinaceis
731 773 831 833 diebus
846 787 907 834 xxo
922 773 966 833 bis
983 773 1079 848 singu·

67 860 117 919 lis·
127 859 320 937 permissum,
343 859 712 937 comrunitarquc‘mastum
725 858 803 918 oleo.
830 857 918 935 aliqui
933 875 990 918 nou
1007 873 1080 916 sam

67 939 221 1022 psncbum
237 951 345 1002 tantum
361 941 521 1004 admiscent
534 941 587 1002 sed
603 943 687 1002 etiam
695 943 872 1020 pretiosiora
884 943 1080 1002 odoramenta.

67 1045 141 1086 uam
168 1027 196 1084 in
219 1027 376 1102 gymnasiis
392 1043 508 1106 quoque
530 1026 660 1086 conditur
675 1026 831 1100 odoribus,
855 1026 909 1088 sad
923 1025 1079 1086 vilissimis.

30 1131 58 1173 rc
69 1111 122 1172 Fit
142 1119 227 1187 etex
241 1111 409 1188 aspalatho,
427 1111 550 1186 calamo,
566 1109 707 1191 balsamo,
722 1111 768 1186 iri,
785 1110 978 1186 mndarnorno,
994 1108 1075 1170 meli·
1088 1117 1123 1172 ao

68 1197 152 1270 loto,
170 1193 259 1254 nardo
273 1193 398 1271 Gallico,
415 1209 544 1272 panace,
559 1194 750 1272 sampsucho,
767 1193 894 1270 beleuio,
913 1193 1096 1255 cinnamomi
1175 1226 1178 1234 ·

69 1279 190 1353 radice,
209 1279 427 1338 omniumsuois
444 1280 473 1336 in
489 1277 557 1338 oleo
573 1279 725 1344 mansistis
741 1280 959 1356 expressisque.
992 1279 1036 1337 sic
1050 1286 1081 1336 at

69 1362 230 1423 rhodinum
249 1381 268 1421 c
284 1362 370 1438 rosis,
386 1363 529 1422 iuncinum
544 1379 563 1420 e
576 1362 677 1438 iunco,
696 1361 773 1438 quod
790 1371 837 1422 est
851 1379 974 1422 rosaceo
990 1361 1079 1422 simil·
1140 1371 1144 1376 ’

70 1448 187 1526 limum,
203 1448 271 1506 item
281 1446 459 1522 hyoscyamo
475 1455 507 1506 et
518 1446 634 1524 lupinis,
649 1446 790 1505 narcisso.
814 1445 973 1523 plurumum
983 1454 1081 1506 autem

25 1549 61 1603 Ιιι
71 1533 102 1590 iu
115 1530 258 1608 Aegypto
273 1547 290 1589 a
304 1531 423 1608 raphani
437 1532 547 1590 semine
561 1539 609 1590 aut
620 1531 749 1607 gramine
763 1529 892 1590 barbare
905 1530 982 1608 qaod
994 1528 1078 1588 ohor-

70 1617 159 1676 tinen
171 1623 295 1690 rocam,
306 1617 385 1674 item
408 1632 426 1674 e
447 1616 552 1674 sasima
567 1623 596 1673 et
611 1615 703 1674 urtica
725 1615 804 1694 quod
820 1614 961 1675 cnidinum
977 1613 1079 1692 appel·
1213 1683 1218 1691 „

71 1700 146 1760 lant.
171 1696 196 1758 E
212 1697 274 1759 lilio
289 1707 319 1758 ct
333 1698 407 1758 alibi
417 1698 448 1758 iit
462 1698 515 1759 sub
529 1699 576 1760 diu
592 1699 668 1774 sole,
686 1699 762 1774 luna,
779 1700 879 1779 pruina
895 1706 1079 1759 maceratam.
1087 1703 1121 1759 31
1153 1747 1161 1760 .

71 1785 144 1844 Suis
164 1780 265 1842 herbis
286 1792 452 1860 conponunt
471 1784 544 1844 inter
563 1781 778 1863 Cappadociam
800 1792 830 1842 et
843 1781 989 1844 Galatiam
1004 1781 1081 1860 quod

72 1868 251 1966 Selgiticum
263 1876 385 1944 vocam,
401 1869 501 1928 uersis
513 1867 670 1930 admodum
676 1867 766 1944 ιιιΙι,
786 1869 860 1928 siem
875 1869 903 1928 iu
917 1865 999 1930 ltalia
1013 1865 1079 1944 lgu·

36 1953 147 2011 nuni.
178 1950 292 2029 Epioe
300 1951 331 2012 tit
346 1953 428 2032 quod
438 1953 577 2031 pissinum
592 1953 756 2050 appellant,
774 1970 838 2012 cum
851 1953 1002 2030 coquitur,
1017 1950 1080 2010 ral-

73 2035 190 2095 leribus
207 2053 293 2113 sapsa
308 2035 425 2096 halitum
440 2037 502 2095 eius
518 2037 654 2113 expausis
670 2043 757 2113 atque
772 2037 811 2094 ita
812 2038 994 2133 expressis,
1012 2051 1080 2112 pro

72 2119 176 2178 batum
189 2134 323 2178 mamma
338 2137 357 2176 e
373 2119 498 2180 Bruttia.
528 2127 573 2176 est
588 2119 662 2176 euim
678 2117 864 2193 pinguissima
878 2126 910 2175 et
926 2118 1079 2178 resinosis-

74 2205 172 2262 sima.
189 2201 272 2260 color
283 2199 356 2258 olco
367 2200 475 2259 irrlvos.
502 2200 614 2278 Sponte
626 2199 780 2258 nascimur
768 2215 799 2260 ιιι
811 2199 914 2273 Syriae
933 2201 1122 2263 maritimisttt

74 2285 159 2364 quod
175 2283 333 2342 elaeomeli
348 2291 464 2342 vocant.
493 2293 587 2344 manat
602 2301 640 2344 ex
655 2281 847 2343 arboribus
818 2300 937 2360 pingue,
955 2284 1081 2344 crassius

38 2367 185 2440 ametis,
204 2368 301 2427 resina
318 2369 449 2442 tenuius,
471 2384 577 2444 sapore
591 2366 684 2444 dulci,
702 2376 731 2426 et
745 2365 803 2428 boo
818 2367 950 2427 medicis.
979 2366 1081 2428 Veteri

74 2465 197 2530 quoqne
214 2449 282 2509 oleo
299 2467 367 2509 usus
383 2459 429 2510 ast
441 2451 478 2512 ad
497 2451 637 2552 quaedam
650 2462 761 2528 genera
773 2451 951 2512 morborum.
982 2452 1080 2511 existi·

73 2543 170 2594 matur
182 2543 214 2594 ιι
224 2534 307 2594 ebori
318 2535 489 2597 vindicanda
501 2553 517 2594 a
529 2537 606 2595 narie
620 2536 692 2595 utile
703 2551 781 2596 csse.
805 2537 885 2597 certe
898 2535 1081 2598 simulacrum

75 2620 196 2680 Saturni
214 2617 324 2679 Romae
339 2620 412 2678 intus
421 2620 496 2679 cleo
512 2619 656 2698 repletum
672 2629 727 2680 nst.
850 2650 854 2662 ι

143 2701 172 2764 8.
195 2700 257 2782 (8.)
280 2688 375 2782 Super
394 2705 486 2763 omnia
506 2721 578 2763 vero
598 2703 760 2764 celebrarit
781 2684 923 2766 amurcam
944 2705 1075 2768 laudibus
1087 2713 1122 2768 33

43 2785 164 2846 aoCato
205 2788 286 2848 dolia
306 2788 415 2848 olearia
436 2787 583 2866 cadosque
603 2787 653 2848 illa
674 2786 769 2863 inbui,
796 2805 832 2847 ne
849 2789 950 2849 bibant
972 2790 1079 2864 oleum,

78 2886 200 2933 amurca
208 2872 304 2950 subigi
319 2891 405 2932 areas
419 2872 548 2934 terendis
560 2872 716 2946 messibus,
733 2881 763 2931 ut
778 2871 917 2934 formicae
930 2875 1078 2952 rimaeque
1123 2904 1124 2910 κ

79 2954 189 3032 absint,
215 2959 282 3034 quin
297 2965 327 3017 st
342 2957 429 3016 lutum
445 2958 587 3033 parietum
601 2971 638 3016 ac
651 2956 775 3016 tectoria
791 2964 820 3016 et
834 2958 996 3036 pavimenta
1012 2957 1079 3017 bor·

79 3055 193 3099 reorum
213 3041 362 3115 hamensi,
387 3041 523 3100 vestiaria
545 3041 631 3100 ctiam
651 3048 752 3100 souma
773 3040 920 3101 teredines
936 3041 1079 3100 aeserta

80 3123 239 3184 animalium
255 3139 369 3184 amurca
384 3123 531 3201 adspergi,
546 3125 655 3184 semina
667 3123 783 3202 trogum
799 3124 941 3204 pertundi.
971 3123 1079 3184 morbis

45 3207 301 3284 aequadripedum,
326 3207 460 3269 arborum
482 3224 597 3286 quoque
621 3207 670 3268 illa
688 3209 876 3283 medendum,
902 3208 1018 3269 efficaci
1042 3207 1079 3267 ad

79 3288 179 3349 ulcera
205 3291 342 3350 interiora
364 3291 477 3352 bomani
499 3309 617 3370 qnoque
638 3294 710 3352 oris.
748 3292 811 3353 lora
831 3293 916 3353 ctiam
941 3302 970 3352 at
993 3293 1121 3357 nodata

82 3374 173 3438 omnm
188 3382 220 3431 ιι
233 3374 399 3436 caloiamina
415 3377 535 3454 arisque
551 3376 673 3438 decocta
687 3378 789 3453 ungui,
811 3385 898 3454 atque
913 3383 1077 3437 aeramenta

82 3465 180 3516 nonna
205 3459 371 3534 aeruginem
396 3461 563 3538 colorisque
580 3461 678 3538 gratia
699 3459 908 3537 elegantioris,
935 3467 965 3520 et
987 3469 1077 3522 totam
