2482 3910
169 211 226 272 154
396 251 407 286 ι
509 221 539 268 o.
558 221 653 268 euru
667 219 817 267 securam

125 387 174 442 191
243 375 293 436 69.
310 373 393 453 (88.)
414 373 459 434 Ex
486 374 619 435 sensibus
643 382 708 433 ante
729 383 828 434 cetera
844 374 951 434 bomini
966 381 1078 445 tactus,
1102 377 1169 436 dein

165 468 306 537 gustatus.
337 459 457 554 reliquis
479 467 669 558 superatura
698 458 805 518 multis.
836 457 952 544 aquilae
974 420 1080 518 clarius
1105 479 1169 520 cer·

165 553 249 617 nunt,
272 543 403 604 vultures
424 545 558 620 sagacius
577 543 749 616 odorantur,
772 527 907 619 liquidius
923 541 1039 602 audiunt
1059 543 1168 622 talpae.

69 647 78 672 ¹
166 627 286 688 obrutae
298 638 387 702 terra,
403 636 459 686 tam
477 627 663 704 densoatque
676 625 762 685 surdo
774 635 892 686 naturae
910 625 1067 702 elemento,
1083 645 1168 705 prae·

165 722 248 772 terea
264 729 339 772 voce
352 712 427 770 omui
440 713 467 770 in
479 711 601 770 sublime
616 710 762 785 tendente,
779 725 943 769 sermonem
956 711 1114 771 exaudiunt
1129 723 1166 787 et,
1179 735 1189 772 ι

48 853 62 872 ,
166 799 190 856 si
214 796 250 856 de
272 798 307 856 ils
330 797 469 873 loquare,
495 794 668 871 intellegere
691 795 776 854 etiam
800 795 932 854 dicuntur
944 803 974 854 et
994 795 1165 874 profugere.

124 890 174 945 192
182 880 304 940 Auditus
327 881 373 938 cui
393 877 535 938 homiuum
553 881 644 955 primo
668 889 789 956 negatus
806 879 871 952 est,
895 877 962 937 huic
980 888 1009 938 et
1026 883 1167 939 sermonis

164 983 235 1024 usne
250 963 380 1036 ablatus,
400 980 456 1021 nec
471 971 535 1021 sunt
549 961 716 1022 naturaliter
732 963 809 1022 surdi
830 971 860 1020 ut
882 978 939 1020 nun
955 963 1042 1023 iidem
1067 966 1126 1022 sint
1142 973 1167 1022 et

165 1049 244 1109 muti.
270 1047 301 1105 ln
319 1046 433 1106 marinis
450 1047 555 1106 ostreis
571 1046 693 1106 auditum
712 1062 779 1106 esse
795 1064 852 1106 non
869 1056 914 1105 est
927 1049 1098 1122 uerisimile,
1117 1049 1167 1107 sed

166 1132 201 1192 sd
217 1148 317 1190 sonum
337 1147 470 1207 mergere
489 1149 521 1189 se
538 1131 668 1190 dicuntur
683 1131 811 1190 solenes.
841 1129 908 1190 ideo
931 1141 963 1190 et
978 1131 1123 1192 silentium
1141 1134 1194 1190 inn

165 1216 235 1274 mari
250 1214 438 1293 piscantibus.

9 1292 14 1304 ⁸
124 1309 174 1364 193
242 1300 291 1360 70.
311 1298 394 1378 (89.)
411 1299 510 1360 Pisces
522 1299 636 1378 quidem
652 1299 763 1358 auditus
778 1315 833 1358 nee
849 1298 976 1358 membra
990 1298 1099 1358 babent
1114 1318 1166 1358 nee
1184 1321 1188 1334 „

84 1433 103 1448 ..
165 1385 315 1459 loramina,
332 1383 431 1443 audire
448 1393 543 1443 tamen
558 1399 611 1444 eos
628 1383 720 1460 palam
734 1391 788 1456 est,
806 1384 849 1460 {ut
864 1383 966 1460 patet,l
986 1401 1050 1442 oum
1066 1384 1168 1462 plausu

141 1511 143 1516 .
166 1468 436 1546 congregationes
453 1468 489 1528 ad
507 1467 600 1527 cibum
620 1466 807 1526 adsuetudine
823 1468 850 1524 in
867 1466 1035 1544 quibusdam
1051 1470 1166 1526 vivariis

153 1562 326 1630 spectetur,
355 1561 384 1611 et
399 1553 427 1609 in
446 1553 563 1629 piscinis
581 1548 715 1609 Caesaris
737 1567 845 1626 genera
867 1552 987 1628 piscium
1005 1551 1042 1610 ad
1063 1569 1165 1618 nomen
1176 1575 1194 1613 ιι

166 1637 277 1708 venire,
289 1636 486 1712 quosdamque
497 1635 636 1710 singulos.
656 1635 753 1714 itaque
768 1634 925 1712 produntur
940 1636 1025 1694 etiam
1042 1635 1166 1695 clarissi-

166 1737 211 1777 me
223 1719 321 1776 audire
335 1718 433 1793 mugil,
448 1719 543 1795 lupus,
557 1718 651 1794 salpa,
665 1718 800 1792 chromis,
810 1727 839 1777 et
850 1719 916 1778 ideo
928 1720 956 1776 in
968 1719 1043 1778 vado
1057 1721 1164 1778 vivere.

125 1811 176 1864 194
250 1801 334 1877 (90.)
355 1799 497 1875 Olfactum
513 1803 548 1860 iis
565 1819 633 1860 esse
648 1803 798 1861 manileste
810 1811 898 1879 patet,
916 1804 1024 1881 quippe
1037 1821 1100 1862 non*
1111 1822 1165 1862 om·

167 1903 218 1943 nes
232 1884 335 1944 eadem
352 1895 422 1942 esca
437 1885 586 1961 capiuntur
601 1894 630 1943 et
645 1887 725 1962 prius
743 1904 826 1964 quam
846 1886 982 1964 adpetant
999 1887 1163 1948 odorantur.

167 1969 306 2046 quosdam
322 1977 351 2027 et
369 1968 516 2045 speluncis
533 1968 648 2027 latentis
665 1970 840 2029 salsamento
857 1971 943 2029 inlitis
958 1971 1091 2030 faucibus
1103 1989 1194 2030 sco-no

167 2053 227 2130 puli
243 2054 372 2130 piscator
388 2051 510 2131 expellit
524 2053 614 2111 veluti
634 2054 677 2111 sui
699 2055 849 2114 cadaveris
866 2054 1039 2130 agnitionem
1057 2056 1166 2134 lugien-

165 2138 213 2212 tis,
231 2139 461 2215 conveniuntque
478 2155 514 2196 ex
528 2137 586 2196 alto
605 2138 741 2197 etiamad
767 2139 906 2216 quosdam
922 2139 1040 2213 odores,
1057 2150 1089 2198 ut
1106 2151 1166 2200 sae·

167 2223 242 2299 piam
259 2231 352 2281 ustam
370 2231 399 2281 et
414 2222 563 2301 polypum,
581 2237 654 2299 quae
669 2222 737 2281 ideo
756 2231 899 2298 coguntur
913 2224 941 2281 in
956 2239 1067 2282 nassas.
1104 2241 1166 2282 sen-

166 2307 242 2366 tinae
250 2307 373 2405 ‘quidem
390 2308 503 2366 navium
521 2306 641 2365 odorem
663 2306 766 2384 procul
784 2307 906 2382 lugiunt,
926 2323 1057 2366 maxume
1073 2317 1168 2367 tamen

119 2399 174 2480 ι19ο
183 2409 304 2468 pisorum
320 2391 498 2467 sanguinem
527 2388 592 2448 Non
606 2399 704 2467 potest
720 2392 812 2468 petris
824 2389 913 2450 avelli
931 2390 1068 2468 polypus.
1092 2392 1195 2451 idemne

167 2474 261 2532 cunila
282 2473 396 2532 admota
417 2474 453 2532 ab
468 2473 560 2532 odore
588 2475 716 2550 protinus
738 2473 839 2534 resilit.
878 2491 1023 2552 purpurae
1047 2493 1167 2572 quoque

167 2555 282 2614 faetidis
296 2558 454 2633 capiuntur.
471 2572 536 2614 nam
551 2555 588 2615 de
604 2558 717 2635 reliquo
735 2553 933 2617 animalium'
912 2575 1022 2634 genere
1039 2559 1104 2636 quis
1121 2559 1167 2618 du·

167 2635 263 2696 bitetl
288 2655 393 2698 cornus
410 2640 519 2698 cervim
512 2639 625 2700 odore
644 2649 797 2719 serpentes
809 2641 952 2718 lugentur,
969 2642 1022 2702 sed
1037 2659 1167 2702 maxume

168 2722 301 2795 styracis.
335 2723 445 2798 origani
471 2733 519 2782 aut
535 2724 625 2782 calcis
642 2733 689 2784 aut
711 2725 836 2804 sulpuris
858 2724 998 2785 formicae
1018 2735 1167 2785 necantur.

167 2804 277 2865 culices
298 2806 378 2865 acida
404 2816 520 2884 petunt,
550 2807 585 2866 ad
611 2808 706 2868 dulcia
719 2826 780 2868 non
807 2809 951 2869 advolant.
986 2809 1035 2867 71.
1062 2809 1197 2869 'lactuca

168 2907 272 2950 sensus
288 2889 418 2948 omnibns
431 2901 485 2966 est,
503 2893 587 2972 etiam
603 2890 706 2968 quibus
721 2893 815 2952 nullus
832 2893 914 2953 alius.
936 2909 1000 2952 nam
1017 2901 1046 2952 et
1062 2894 1170 2952 ostreis

168 2983 197 3034 et
209 2974 388 3033 terrestrium
403 2975 547 3034 vermibus
563 2993 689 3054 quoque.

127 3067 177 3123 196
249 3057 333 3136 (91.)
356 3056 593 3120 Existnmaverim
614 3060 745 3120 omuibus
767 3077 883 3120 sensum
899 3069 1073 3138 etgrrstatus
1090 3079 1169 3120 esse.

106 3164 108 3170 ¹
169 3163 220 3202 cnr
246 3143 320 3202 enim
335 3141 408 3202 alios
428 3142 483 3202 alia
500 3161 622 3223 sapores
644 3141 801 3222 adpetant?
822 3145 851 3202 in
874 3161 931 3222 quo
946 3145 996 3204 uel
1011 3147 1170 3226 praecipua

168 3237 285 3288 naturae
300 3226 451 3287 architecti
468 3229 523 3286 ris.
554 3228 610 3288 alia
625 3228 759 3288 dentibus
778 3229 965 3306 praedantur,
989 3227 1044 3288 alia
1068 3229 1201 3306 ungui-as

168 3309 232 3385 bns,
248 3312 306 3372 alia
320 3313 406 3371 rostri
424 3310 585 3371 aduncitate
603 3321 733 3392 carpunt,
751 3312 806 3372 alia
822 3312 970 3372 latitudine
987 3323 1097 3387 eruunt,
1109 3313 1170 3372 ‘alia

170 3397 298 3454 acumine
322 3404 477 3471 excavant,
495 3395 550 3456 alia
573 3405 688 3474 sugunt,
711 3396 766 3456 alis
785 3395 921 3471 lambunt,
940 3397 1070 3472 sorbent,
1091 3413 1170 3456 man-

168 3474 248 3550 dunt,
263 3490 374 3539 vorant.
405 3499 461 3542 nec
476 3481 567 3544 minor
581 3482 706 3540 varietas
722 3482 750 3541 in
765 3481 872 3559 pedum
885 3481 1055 3557 ministerio,
1078 3489 1109 3538 ut
1124 3499 1169 3540 ra-
