2482 3910
224 251 236 268 ,
328 189 408 236 ιιι.
423 185 514 235 susu.
526 187 574 234 ιιι.
594 180 712 237 16-18
727 173 881 253 (lo-19.)
1050 171 1108 238 167
1220 247 1222 260 Ι

18 377 22 420 t
103 347 284 446 lictoresque
301 341 412 404 adsidui
429 341 567 402 custodes
583 339 771 401 auctoritatis.
810 341 944 422 procedit
959 342 1038 404 ioras
1053 354 1152 408 nontt

17 461 20 502 t
102 432 160 492 nisi
179 431 336 505 migrmuro
360 427 506 486 examine.
540 425 568 485 id
588 425 676 485 multo
698 420 878 502 intellegitur
895 434 960 485 aute
969 429 1110 508 aliquot
1210 452 1212 455 ·

16 544 19 587 t
104 514 209 576 diebus
225 529 369 572 murmure
384 511 459 570 intus
476 519 643 608 strepente,
665 509 820 588 adparatus
835 509 931 570 indice
947 510 1022 572 diem
1037 521 1107 574 tem-

15 624 18 672 ι
102 599 252 678 pestivom
268 595 447 673 eligentium.
483 595 508 654 si
530 595 593 672 quis
616 594 690 654 alam
714 594 741 652 ei
758 593 925 670 detruncet,
946 613 1003 656 uon
1018 597 1110 676 iugiat

14 717 16 760 p
76 699 238 743 aeramen.
276 699 339 740 oum
363 695 557 761 processere,
580 696 611 736 se
636 695 770 756 quaeque
788 695 956 758 proxumam
972 681 1014 740 illi
1032 683 1142 760 cupit,

13 803 15 844 t
103 783 174 827 esse
197 774 226 826 et
241 766 270 824 iu
285 763 383 824 oilicio
399 763 531 842 conspici
547 762 663 839 gaudet.
698 763 809 826 fessum
823 764 929 823 umeris
945 764 1108 843 sublevant,

12 891 13 920 ,
102 849 228 910 validius
244 849 392 926 fatigatum
409 865 447 907 ex
464 854 526 907 toto
542 853 668 925 portant.
702 848 728 907 si
743 865 799 933 qua
815 847 922 908 lassata
940 848 1048 909 deiecit
1063 859 1111 911 aut

102 935 183 994 forte
198 932 360 1007 oberravit,
378 931 470 992 odore
486 932 680 1010 persequitur.
711 925 886 1010 ubicumque
901 930 952 992 ille
967 935 1109 1048 consedit,

10 1065 11 1086 ι
102 1017 145 1078 ιιι
162 1025 327 1078 cunctarum
343 1026 438 1076 castra
454 1025 527 1076 sunt.

9 1146 10 1180 ,
63 1115 92 1158 ιιι
171 1099 245 1180 (18)
266 1099 346 1160 Tunc
364 1108 478 1160 ostenta
493 1101 600 1161 iaciunt
617 1101 728 1179 privata
740 1119 775 1161 ac
789 1099 918 1180 publica,
935 1119 990 1162 uva
1002 1101 1109 1181 depen·
1098 1112 1151 1166 -ιι

8 1233 9 1264 ,
102 1185 231 1246 dentem
247 1185 379 1247 domibus
391 1185 575 1263 templisque,
588 1203 679 1263 saepe
695 1186 811 1264 expiata
826 1186 937 1263 magnis
947 1187 1109 1248 eventibus.

102 1270 262 1330 sederem
285 1287 337 1329 ore
359 1269 474 1332 iniantis
497 1279 556 1329 tum
582 1270 666 1328 etiam
681 1268 826 1345 Platonis,
848 1271 1017 1330 suavitatem
1032 1271 1111 1332 illam

101 1353 271 1452 praedulcis
295 1353 393 1442 eloqui
410 1354 628 1433 portendentes
665 1352 802 1412 sedere'
794 1371 822 1412 ιιι
839 1355 942 1414 castris
958 1353 1069 1414 Drusi
1060 1375 1110 1416 rm·

102 1439 266 1516 perstans,
290 1455 353 1498 cum
378 1439 576 1516 prosperrime
596 1447 751 1517 pugnatum
766 1437 842 1517 apud
859 1437 1036 1498 Arbalonem
1053 1448 1109 1516 est,

64 1531 92 1573 ιι
102 1521 173 1582 baut
191 1539 333 1622 quaquam
351 1531 494 1604 perpetua
508 1521 694 1600 hamspicum
709 1522 891 1597 coniectura,
910 1523 959 1599 qui
975 1522 1065 1582 dirum
1080 1523 1133 1583 id
1214 1585 1226 1602 ,

103 1615 248 1666 ostentum
267 1607 431 1667 existimant
448 1624 574 1685 semper.
605 1605 688 1683 Duce
705 1623 813 1684 prenso
828 1614 919 1665 totum
933 1614 1049 1668 tenetur
1060 1617 1153 1686 arg-56
1188 1653 1194 1668 .

39 1701 40 1704 ’
101 1707 187 1765 meu,
211 1692 317 1749 amisso
337 1689 472 1751 dilabitur
489 1691 652 1770 migratque
675 1691 710 1751 ud
732 1690 816 1750 alios.
851 1707 918 1750 esse
934 1693 1032 1770 utique
1047 1693 1110 1752 sine
1144 1717 1146 1722 ·

102 1791 177 1852 rege
195 1792 252 1834 uon
268 1785 399 1852 possunt.
431 1777 536 1835 invitae
552 1784 647 1836 sutem
660 1773 833 1836 interemunt
848 1792 918 1851 eos,
935 1794 999 1835 cnm
1010 1776 1110 1855 plures

100 1857 198 1934 fuere,
217 1861 372 1939 potiusque
387 1861 566 1920 nascentium
581 1860 683 1920 domos
699 1860 827 1936 diruunt,
845 1860 869 1919 si
886 1869 1044 1938 proventus
1061 1860 1110 1922 de·

64 1951 248 2020 ²⁰speratur.
283 1953 350 2004 tunc
366 1952 395 2003 et
416 1945 501 2008 iuoos
525 1944 651 2024 abigunt.
683 1952 901 2024 quamquamet
922 1945 958 2005 de
973 1947 1008 2004 iis
1023 1945 1154 2006 videost

101 2025 228 2086 dubitari
241 2027 448 2106 propriumque
464 2029 499 2088 iis
514 2046 608 2107 genus
620 2046 688 2090 csse
705 2029 820 2128 aliquos
836 2030 1021 2106 existimare,
1038 2030 1113 2089 sicut

99 2109 232 2186 iuribus,
251 2111 451 2212 grandissimis
474 2113 648 2187 interillos,
673 2112 829 2188 sednigris
844 2112 959 2190 lataque
975 2113 1054 2187 alvo,
1073 2109 1112 2173 it'a

100 2194 270 2274 appellatis,
288 2197 354 2275 quiu
371 2196 466 2256 iurtim
478 2197 620 2257 devorent
635 2196 730 2256 mella.
765 2204 876 2274 certum
892 2205 937 2254 est
954 2195 991 2255 ub
1007 2195 1111 2295 apibus

100 2277 188 2338 lucos
199 2277 331 2340 interlici.
362 2281 461 2359 utique
476 2297 578 2357 regem
592 2278 777 2340 nonhabeut.
803 2295 898 2355 aequo
909 2278 1032 2339 modo
1007 2297 1033 2337 ιι
1048 2279 1111 2338 siue

64 2374 92 2416 as
102 2360 209 2422 aculeo
225 2367 399 2425 nascantur'
391 2383 420 2424 ιιι
431 2365 602 2462 quaestione
618 2371 673 2422 est.
703 2361 807 2426 Umido
819 2379 890 2421 vere
902 2363 1005 2422 melior
1022 2363 1154 2439 ictuqbit

101 2446 185 2504 sicco
201 2447 259 2506 mel
275 2450 435 2528 copiosius.
465 2447 543 2526 quod
561 2467 585 2507 su
578 2447 699 2508 delicit
714 2448 825 2525 aliquas
844 2447 927 2506 alvos
944 2446 1068 2523 cibus,
1059 2463 1110 2507 rm·

101 2537 203 2608 petum
218 2532 246 2590 iu
263 2549 418 2610 proxumas
434 2534 541 2593 iaciunt
557 2531 676 2610 rapinae
692 2532 854 2611 proposito.
884 2539 913 2590 at
928 2531 998 2592 illae
1011 2539 1113 2592 contra

101 2613 230 2692 dirigunt
252 2617 353 2676 aciens.
387 2625 416 2676 ot
432 2618 457 2678 si
473 2625 571 2676 custos
587 2616 677 2690 adsit,
701 2616 839 2676 alterutra
856 2633 942 2694 pars,
965 2614 1112 2696 quaesibi

99 2697 206 2758 favere
222 2702 331 2775 sensit,
347 2718 405 2761 non
419 2700 531 2783 adpetit
545 2719 619 2778 eum.
650 2699 696 2760 ιιι
713 2699 777 2760 aliis
793 2717 911 2778 quoque
925 2717 1017 2780 saepe
1032 2699 1111 2760 dimi·

64 2789 170 2852 uocant
197 2784 309 2861 causis,
340 2783 469 2864 duasque
490 2787 571 2846 acies
593 2783 753 2846 contrarias
779 2784 835 2844 duo
858 2785 1049 2863 imperatores
1068 2785 1111 2844 in-

102 2872 234 2943 struunt,
251 2885 383 2930 maxume
399 2872 464 2930 rixa
478 2873 506 2930 in
523 2869 722 2931 convellendis
739 2865 859 2928 iloribus
877 2877 981 2930 exorta
997 2876 1026 2927 et
1041 2881 1111 2927 suos

102 2948 269 3030 quibusque
297 2953 503 3029 evocantibus,
528 2971 603 3032 quae
626 2953 772 3016 dimicatio
791 2953 898 3014 iniectu
919 2951 1049 3032 pulveris
1063 2957 1112 3011 aut

101 3033 182 3094 fumo
197 3045 258 3097 tota
275 3037 435 3100 discutitur.
460 3037 667 3100 reconciliatur
680 3053 754 3097 vcro
769 3036 845 3098 lacte
857 3037 906 3096 vel
918 3053 992 3116 aqua
1007 3033 1109 3103 mulsa.
1234 3089 1236 3098 ,

169 3117 217 3180 18.
242 3119 327 3200 (18)
350 3121 431 3202 Apes
448 3131 512 3184 sunt
529 3131 558 3183 et
578 3123 705 3182 rusticae
725 3121 955 3199 silvestresque,
974 3117 1154 3185 borridaeot
1233 3157 1235 3164 ·

64 3201 262 3282 ssadspectu,
280 3206 371 3267 multo
387 3207 604 3283 iracundiores,
621 3206 673 3266 sed
685 3223 776 3284 opere
792 3225 827 3268 ac
843 3205 945 3266 labore
956 3211 1112 3282 praestan·
1227 3207 1234 3228 '³

100 3293 158 3345 tes.
189 3288 364 3350 urbanarum
374 3291 431 3352 duo
446 3309 574 3369 genera:
598 3299 734 3370 optumae
745 3289 852 3350 breves
866 3290 1023 3366 variaeque
1039 3287 1092 3347 et
1082 3303 1112 3347 m
1230 3325 1233 3370 ‚³

100 3372 308 3434 rotunditatem
325 3377 522 3454 compactiles,
539 3375 703 3436 deteriores
719 3375 826 3472 longae
846 3383 876 3432 et
891 3369 995 3451 quibas
1012 3367 1110 3432 simili·
1229 3375 1232 3454 j

100 3453 172 3516 tudo
188 3475 355 3538 vesparum,
372 3459 524 3522 etiamnum
539 3459 717 3522 deterrimae
726 3477 764 3520 ex
778 3475 813 3522 ns
824 3457 947 3538 pilosae
976 3454 1008 3516 ln
1018 3453 1111 3518 Ponto
1177 3462 1187 3503 ἰ
1228 3457 1231 3544 j
