2482 3910
177 179 237 242 166
521 191 551 241 c.
568 191 664 239 rursu
682 189 832 238 suenum

175 355 297 408 vocatur
310 343 369 405 hoe
382 342 498 422 malam,
511 359 634 423 quonam
648 343 735 403 modo
750 359 889 418 nascens,
906 344 930 402 si
941 344 1031 423 ipses
1045 341 1177 420 dugnntl

132 430 261 505 morou
287 440 397 491 eertum
422 438 482 505 est,
507 427 676 505 gallinarum
697 425 782 486 modo
803 427 947 487 inondant.
986 426 1015 486 id
1031 428 1110 504 quod
1128 445 1177 488 ex·

176 515 286 575 elusum
306 523 351 574 est
368 515 461 593 primu
476 509 651 572 vermiculus
671 511 785 572 videtur
801 511 954 587 eandidus‚
970 512 1072 571 iaoens
1086 521 1178 572 traue-

174 616 278 659 versus
295 598 517 676 adhaerensque
537 597 576 656 ita
596 603 627 654 ut
647 612 717 674 pars
733 611 820 655 eerae
835 595 976 656 rideatur.
1013 613 1068 655 rex
1083 598 1178 656 statim

174 684 274 744 mellei
292 682 418 758 eoloris,
440 691 469 740 ut
489 680 586 741 eleeto
608 679 738 762 dorepx
754 679 1056 759 nuncupatione,
1081 694 1198 759 neques

174 768 366 843 vermiculus,
390 765 443 826 sed
466 766 559 826 statim
581 765 723 844 pinniger.
758 773 857 824 uetere
876 763 961 824 turba
976 781 1041 824 enm
1055 763 1178 824 formam

175 869 283 931 capere
305 851 421 929 eoepit,
443 849 585 928 nymphae
610 856 764 924 vocantur,
787 857 820 908 nt
833 849 911 924 luni,
933 851 1045 908 sirenes
1066 859 1116 909 aut
1130 867 1177 910 ee·

131 937 295 1018 suphenee.
327 935 351 994 si
367 935 431 1012 quie
447 932 592 992 alterutris
608 933 703 1012 capita
719 931 815 1014 demat
827 933 992 1012 prinsquam
1010 934 1114 1010 pinnas
1131 934 1177 994 ha·

174 1020 271 1094 beant,
288 1035 342 1096 pro
358 1017 521 1094 gratissimo
542 1026 605 1077 sunt
621 1016 729 1096 pabulo
745 1016 892 1076 matribus.
923 1026 1056 1095 tempore
1072 1035 1177 1095 proce·

175 1105 261 1163 dente
284 1101 422 1162 instillant
441 1100 534 1172 ornes,
546 1110 633 1179 atque
655 1099 807 1175 inoulttnt,
828 1109 886 1159 tum
906 1114 1038 1160 maxume
1054 1117 1206 1160 murmure

174 1195 287 1262 rantes,
312 1185 435 1260 caloris,
456 1194 487 1244 ut
502 1193 618 1264 putant,
638 1183 763 1244 iaoiendi
783 1186 877 1260 gratia
897 1187 1058 1245 necessarii
1078 1185 1176 1245 exelu-

176 1270 276 1332 dendis
292 1270 398 1352 pullis,
417 1270 511 1330 donee
528 1270 619 1348 ruptis
634 1267 806 1327 membranis
822 1285 897 1347 qnae
912 1267 1043 1346 singulos
1060 1270 1178 1346 cingunt

175 1372 295 1415 ovorum
306 1356 393 1416 modo
406 1357 570 1414 universum
582 1369 685 1430 agmen
698 1361 836 1428 emergat.
867 1352 1028 1430 spectatum
1044 1353 1105 1413 lnoo
1122 1351 1177 1413 llu-

173 1457 237 1499 mae
262 1440 423 1500 consularis
447 1439 594 1499 cuiusdam
619 1435 785 1496 suburbano
810 1435 883 1496 alvis
910 1452 1007 1495 cornu
1025 1437 1177 1496 lanternae

132 1524 315 1585 5ittraluoidu
340 1524 434 1583 laetis.
465 1522 541 1582 letus
557 1523 630 1581 intra
646 1533 725 1580 xnv.
741 1520 816 1580 diem
833 1521 993 1599 peragitur.
1030 1519 1076 1580 llit
1093 1524 1122 1580 iu
1136 1522 1205 1580 iar-n

174 1607 218 1664 vis
234 1605 402 1682 quibusdam
417 1607 465 1686 qui
479 1615 600 1665 voeatur
616 1605 732 1680 elavos,
749 1621 864 1664 amarae
878 1604 979 1664 duritia
995 1601 1098 1681 cerae,
1115 1623 1177 1666 enm

174 1688 262 1746 istum
280 1688 345 1748 inde
361 1705 418 1748 non
432 1689 578 1764 eduxere,
594 1688 697 1747 morbo
713 1689 889 1764 antiquaria
906 1695 954 1748 aut
969 1688 1177 1749 iuieuunditate

173 1773 304 1832 naturali.
335 1771 382 1830 hie
405 1781 450 1831 est
464 1771 582 1831 abortus
597 1773 701 1851 apium.
736 1774 866 1850 protinus
880 1781 975 1832 autem
992 1773 1092 1832 ednuti
1109 1791 1176 1852 ope·

173 1863 272 1915 rantur
289 1855 410 1933 quadarn
432 1854 582 1934 disciplina
604 1871 667 1914 cum
688 1854 847 1931 matribus,⁵
862 1871 1020 1934 regemque
1043 1858 1177 1916 invenem

131 1947 165 2001 51
174 1939 305 2017 aequalis
319 1938 403 1999 turba
418 1940 578 1999 comitatur.
604 1957 693 2016 reges
708 1940 809 2017 plures
823 1940 1003 2014 includantur,
1019 1957 1058 2000 ne
1070 1941 1174 2002 desint.
1185 1947 1206 1988 ιθ

174 2031 277 2102 postea
298 2041 335 2082 ex
353 2023 397 2083 luis
412 2023 531 2083 suboles
548 2040 611 2083 eum
625 2023 720 2084 adulta
736 2041 803 2083 esse
820 2024 935 2102 eoepit,
953 2024 1105 2084 eoneurde
1120 2023 1176 2084 sni-

172 2107 266 2184 iragio
290 2107 463 2168 deterrimus
474 2117 605 2184 necant,
623 2125 659 2167 ne
674 2107 831 2169 distrahant
849 2109 969 2188 agmina.
1009 2107 1067 2168 duo
1083 2118 1178 2168 autem

172 2209 282 2268 genera
311 2209 431 2270 eorum,
461 2193 564 2253 melior
595 2193 701 2270 rufos,
732 2194 866 2254 deterior
893 2193 977 2270 niger
1007 2193 1177 2271 variusque.

173 2277 303 2338 omnibus
325 2278 418 2338 iorma
433 2295 550 2356 semper
562 2279 682 2355 egregia
699 2285 728 2336 et
746 2276 835 2355 duplo
851 2293 935 2354 qaam
951 2277 1060 2335 ueteris
1075 2279 1177 2349 maior,

173 2362 280 2437 pinnae
300 2361 470 2436 breviores,
495 2379 578 2420 crura
599 2369 696 2433 reeta,
721 2361 871 2437 ingressus
892 2360 1021 2433 eelsiur‚·
1038 2361 1067 2418 in
1082 2359 1206 2419 irontett

141 2515 145 2522 ¹
171 2445 284 2504 macula
301 2445 425 2520 quodam
442 2445 602 2504 diademate
620 2443 782 2504 eandionns.
816 2444 933 2504 multum
948 2444 1033 2504 etiarn
1048 2446 1146 2506 nitore
1163 2461 1178 2502 a

95 2589 98 2595 .
141 2535 144 2549 ¹
173 2526 423 2602 vulgudilierunt.

49 2653 54 2660 1
131 2615 164 2669 δι
240 2610 288 2669 17.
313 2609 397 2690 (17.)
418 2608 545 2683 Quaerat
559 2630 633 2671 nunc
646 2612 759 2690 aliquis,
771 2629 882 2671 unusne
894 2609 1036 2671 llereules
1050 2610 1139 2670 luerit
1150 2617 1178 2668 et

173 2699 243 2770 qaut
258 2691 355 2752 Liberi
371 2702 469 2772 patres
486 2703 515 2755 et
535 2696 647 2773 reliqua
670 2698 820 2755 vetustatis
836 2697 891 2754 situ
909 2694 1026 2754 obruta!
1061 2709 1135 2753 seue
1150 2695 1178 2751 in

171 2793 204 2835 re
223 2792 313 2854 parva
336 2778 472 2857 villisque
496 2779 603 2839 nostris
627 2779 754 2855 adnexa,
776 2782 858 2840 ouius
880 2779 998 2839 adsidua
1017 2779 1106 2857 eopia
1122 2786 1207 2850 esau

171 2877 229 2920 non
250 2870 362 2921 constat
382 2861 457 2922 inter
477 2871 630 2938 auctores,
650 2881 704 2923 rex
725 2863 870 2922 nullamne
892 2859 1096 2923 suluelrabeut
1112 2879 1177 2920 aen·

172 2945 249 3004 lenm
263 2944 413 3006 maiestate
428 2955 535 3006 tantum
549 2955 689 3024 armatas,
706 2966 742 3007 an
760 2947 873 3007 dederit
887 2947 1003 3025 quidem
1014 2961 1082 3004 eum
1095 2954 1177 3004 ‘natu

171 3033 219 3105 ra,
244 3029 296 3088 sed
314 3045 395 3088 usum
415 3033 507 3107 pestis
523 3031 565 3090 illi
581 3039 683 3090 statum
700 3032 862 3108 negaverit.
898 3029 969 3090 illud
985 3038 1111 3104 sturmini,
1129 3030 1177 3088 im·

171 3122 339 3191 peratorem
358 3114 462 3174 aouleo
483 3131 540 3174 nun
562 3115 612 3175 nti.
643 3114 715 3174 dlira
737 3115 836 3194 plebei
858 3116 937 3177 eirea
955 3112 1177 3174 eumobedieu-

129 3199 219 3258 satia.
263 3217 327 3258 oum
350 3198 503 3276 procedit,
530 3217 585 3260 nna
613 3205 666 3259 est*
683 3207 773 3258 tetum
799 3211 922 3258 examen
951 3199 1088 3278 uiresque
1113 3212 1209 3256 eamus

171 3279 323 3357 globatur,
350 3283 453 3360 cingit,
476 3283 620 3360 protegit,
644 3283 724 3342 ueriti
745 3297 802 3341 non
824 3285 939 3360 patitur.
974 3280 1089 3359 reliquo
1105 3289 1177 3340 teru-

172 3376 268 3441 pore‚·
284 3383 347 3424 eum
366 3367 492 3444 populus
508 3368 536 3426 in
557 3366 738 3440 laborasset,
755 3367 819 3446 ipse
836 3381 928 3445 opera
941 3367 1017 3424 intus
1034 3365 1177 3434 eironmit‚

172 3447 270 3507 similis
282 3449 460 3527 exhortanti,
474 3448 557 3510 solus
571 3451 700 3512 inmunis.
732 3450 887 3540 cinaeum
901 3448 1046 3516 satellites
1061 3449 1178 3528 quidam
