2444 3910
255 221 336 268 nnn.
351 219 441 306 nisu.
457 221 517 269 v11.
536 215 655 272 44-48.
672 205 819 290 (an-49.)
994 207 1036 272 29

29 394 112 446 aare
125 375 284 440 Perusinae
301 375 503 450 contentionis,
522 373 686 454 sollicitudo
704 374 802 434 llartis
821 375 947 451 Actiaci,
964 376 1035 438 Pan·

41 488 52 531 5,
77 458 259 522 ⁴'cisbellis
273 459 353 518 ruina
374 477 390 518 e
408 460 494 533 turri,
516 467 558 518 tot
573 457 730 520 seditiones
745 457 880 531 militum,
902 468 944 518 tot
959 462 1035 520 anci-

15 578 20 597 ·
33 548 113 608 iaes
125 542 220 603 morbi
233 541 377 620 corporis,
391 551 527 620 suspecta
535 541 667 602 Marcelli
679 551 755 617 vota,
767 538 899 620 pudenda
912 542 1017 622 Agrip·
1027 552 1077 606 149

2 647 89 711 pue
111 627 275 704 ablegatio,
288 627 395 686 totiens
409 628 496 705 petita
510 625 618 686 insidiis
634 627 702 702 rita,
718 627 864 700 incusatae
879 623 1035 686 liberorum

1 721 150 776 mortes
164 711 315 788 luctusque
327 726 384 768 nou
395 718 501 774 tanturn
517 707 639 770 orbitate
654 711 758 784 tristis,
774 709 944 769 adulterium
959 709 1035 770 tiliae

6 807 49 858 et
74 793 215 855 consilia
242 794 404 872 parricidae
425 793 524 872 palam
545 794 639 867 iacta,
666 791 890 854 contumeliosus
912 794 1036 870 privigni

6 877 413 954 Neromssmemqatnm
428 878 457 936 in
467 886 555 956 nepte
569 877 750 954 adulterium,
766 879 861 938 iuncta
876 876 980 939 deiude
994 886 1036 936 tot

6 965 128 1038 mala,
147 963 246 1039 inopia
260 961 537 1049 stipendifflchellio
553 959 676 1036 lllyrici,
693 962 875 1022 seruitiorum
886 955 1035 1035 delectus,

8 1047 196 1110 inventutis
211 1047 342 1123 persenia,
357 1045 522 1123 pestilentia
537 1043 626 1122 urbis,
643 1045 734 1106 fames
749 1043 865 1120 ltaliae,
883 1044 1035 1106 destinatio

1 1130 206 1210 exspiraudi
222 1139 251 1190 et
267 1129 409 1208 quatridui
423 1130 518 1188 inedia
530 1130 620 1190 maior
636 1147 703 1207 pars
718 1127 818 1188 mortis
829 1127 858 1188 in
869 1145 975 1207 eorpus
990 1147 1035 1188 ne-

12 1223 135 1295 cepta.
165 1215 243 1286 iuxta
262 1214 335 1275 haec
351 1211 481 1272 Variana
494 1212 594 1274 clades
615 1222 645 1272 et
665 1213 822 1272 maiestatis
845 1213 906 1272 eius
930 1212 1079 1274 losduno
1117 1203 1121 1218 '
1184 1294 1190 1300 ·

12 1296 226 1376 suggillatio,
249 1296 392 1360 abdicatio
419 1295 545 1358 Postumi
571 1295 721 1375 Agrippae
747 1305 815 1374 post
840 1295 1035 1373 adoptionem,

14 1381 215 1448 desiderium
233 1389 300 1460 post
314 1379 523 1456 relegationem
530 1383 542 1456 ,'
555 1380 629 1440 inde,
638 1380 765 1459 suspicio
780 1381 809 1439 in
823 1375 942 1442 Fabium
955 1397 1035 1440 arca-

14 1483 201 1543 notumne
221 1464 439 1542 proditionem,⁴
455 1463 520 1528 binc
540 1465 639 1524 uxoris
663 1473 691 1524 et
710 1459 808 1524 Tiberi
831 1464 1034 1540 cogitationes,

1 1565 174 1630 ‘suprema
195 1549 258 1609 eiua
280 1565 358 1608 eura.
395 1549 424 1606 in
447 1565 554 1610 suumin
572 1546 644 1607 deus
669 1546 721 1606 ille
743 1547 913 1625 caelumque
934 1549 1034 1607 nescio

16 1637 162 1712 adeptus
176 1634 267 1708 magis
284 1649 320 1690 an
334 1633 452 1691 meritus
470 1631 579 1692 herede
595 1631 686 1691 hostis
698 1632 741 1690 sui
759 1631 818 1692 lilio
832 1633 969 1692 excessit.

89 1717 148 1782 46.
174 1715 256 1795 (47.)
288 1714 416 1775 Suheunt
431 1718 460 1774 in
473 1715 527 1776 hac
544 1717 723 1794 reputatione
739 1714 881 1794 Delphina
899 1716 1017 1776 oracula
1029 1727 1077 1780 151

17 1799 172 1866 velutad
192 1799 386 1876 castigandam
401 1797 543 1862 hominum
561 1800 744 1860 vanitatema
761 1797 817 1860 deo
833 1799 947 1860 emissa.
979 1799 1035 1860 duo

18 1896 100 1950 suut
118 1884 211 1946 haec:
228 1882 346 1946 Pedium
360 1881 573 1958 felicissimum,
591 1884 638 1962 qui
653 1901 706 1961 pro
724 1883 815 1961 patria
832 1900 970 1962 proxume
986 1900 1035 1942 oe-

20 1971 198 2040 cabniaset,
213 1967 315 2028 iterum
329 1985 345 2026 a
360 1965 441 2044 Gyge
457 1985 530 2044 roge
545 1977 611 2028 tuno
625 1967 800 2050 amplissimo
813 1976 952 2027 terrarum
968 1976 1035 2028 con·

21 2055 120 2127 snlti,
138 2051 263 2128 Aglaum
278 2049 462 2128 Psophidium
479 2070 546 2112 esse
561 2049 733 2110 feliciorem.
766 2052 864 2111 senior
880 2051 927 2112 hic
942 2053 971 2112 in
987 2070 1035 2110 an·

21 2136 206 2218 gustissimo
220 2135 364 2196 Arcadiae
380 2135 485 2212 angulo
503 2152 621 2214 parvom
634 2135 686 2194 sed
700 2137 800 2194 annuis
813 2133 936 2196 victibus
953 2135 1036 2211 large

23 2221 188 2284 sufficiens
204 2218 351 2298 praedium
366 2215 499 2293 colebat,
515 2236 665 2296 numquam
678 2235 716 2276 ex
732 2235 767 2276 eo
785 2234 922 2294 egressus
937 2227 1035 2294 atque,

22 2317 58 2368 nt
80 2325 103 2366 e
127 2304 207 2372 vitae
227 2320 337 2380 genere
358 2302 536 2362 manifestum
554 2309 626 2375 eat,·
639 2303 760 2360 minuma
776 2299 936 2378 cupiditate
948 2302 1035 2359 minu-

12 2408 109 2470 ,mum
123 2390 157 2446 in
170 2388 227 2445 sita
241 2386 309 2446 mali
325 2395 472 2465 expertus.

95 2473 152 2532 47.
174 2469 257 2550 (tn)
290 2467 484 2533 Consecratus
510 2479 555 2530 est
577 2471 660 2529 vivos
680 2469 865 2546 sentiensque
889 2465 1077 2530 eiusdemlet

28 2554 151 2620 oraculi
173 2556 251 2615 iussu
274 2563 303 2614 et
323 2553 400 2614 lovis
423 2553 542 2614 deorum
563 2555 662 2614 sunnmi
685 2550 856 2630 adstipulatu
879 2547 1035 2625 Euthynous

27 2651 136 2723 pycta,
155 2656 273 2717 semper
288 2636 438 2716 Olympiae
454 2641 547 2698 victor
563 2647 591 2697 et
603 2637 813 2708 semelvictus.
839 2636 931 2714 patria
943 2636 970 2694 ei
982 2634 1036 2694 ho·

28 2728 74 2788 cri
85 2728 118 2786 in
132 2722 226 2806 ltalia.
248 2720 287 2782 ibi
299 2723 451 2799 imaginem
464 2723 527 2782 eius
540 2731 568 2781 et
579 2720 730 2799 Olympiae
741 2720 860 2780 alteram
874 2720 978 2779 eodem
990 2719 1036 2779 die

11 2818 145 2870 =taotam
160 2805 280 2866 fulmine
296 2804 500 2865 Callimachum
515 2814 544 2866 ut
565 2805 634 2866 nihil
651 2803 727 2865 aliud
749 2805 878 2864 miratum
895 2803 982 2863 video
1002 2804 1037 2862 ad

30 2909 162 2970 eumque
185 2891 305 2951 iussisse
327 2889 500 2966 sacrificari,
523 2888 600 2967 quod
620 2898 649 2948 et
664 2887 903 2948 vivolaotitatum
918 2897 948 2948 et
962 2904 1036 2946 mor-

29 2989 105 3052 tno,
124 2973 254 3052 nihilque
270 2973 343 3034 adeo
361 2975 461 3036 mirum
476 2968 551 3034 aliud
569 2991 652 3052 quam
669 2971 814 3052 placuisse
830 2971 883 3048 dia
1043 3024 1046 3032 ,

95 3057 151 3120 48.
176 3057 260 3136 (49.)
291 3057 336 3117 De
351 3059 445 3136 spatio
459 3066 545 3136 atque
562 3056 769 3136 longinquitate
784 3054 860 3117 vitae
877 3055 1079 3116 hominemne

31 3162 92 3207 non
115 3142 251 3202 locorum
268 3141 354 3205 nando
374 3143 445 3201 situs
460 3159 559 3202 verum
575 3140 708 3218 exempla
724 3157 758 3200 ao
779 3157 831 3200 sna
854 3140 957 3216 cuique
972 3151 1037 3192 sors

0 3225 178 3292 nascendi
199 3224 476 3288 incertum-iecere.
507 3223 669 3299 hlesiodus,
691 3223 739 3301 qui
760 3223 867 3301 primus
890 3221 985 3297 aliqua
1000 3216 1036 3276 de

32 3313 94 3374 boc
110 3309 256 3390 prodidit,
275 3309 425 3385 fabulose,
441 3317 472 3368 ut
487 3327 571 3383 reon,
590 3303 678 3368 multa
693 3307 729 3366 de
745 3307 887 3366 hominnm
902 3320 976 3362 aevo
990 3319 1038 3360 re·

5 3441 9 3446 -
34 3397 142 3458 inens
164 3393 272 3454 cornici
295 3410 400 3455 novem
427 3403 541 3454 nostras
562 3389 687 3454 attribuit
708 3391 827 3463 aetatis,
850 3386 1037 3466 quadruplum
1115 3384 1119 3398 “

38 3482 103 3542 eius
122 3479 236 3554 nursia,
262 3477 290 3538 id
313 3477 485 3558 triplicatum
507 3477 619 3551 eorvis,
645 3473 804 3552 etreliqua
825 3471 985 3531 fabulosius
1008 3471 1038 3528 in
