2482 3910
284 149 365 222 bar.
387 176 478 224 nisu.
496 175 530 223 x.
547 170 666 226 tb—ti.
685 163 837 242 (sa-98.)
881 123 883 131 .
999 165 1057 224 157

127 328 211 408 (96.)
237 328 345 388 Rursus
366 330 449 388 amici
471 347 600 407 pavones
623 339 651 388 et
674 329 840 404 columbae,
858 339 981 390 turtures
1012 340 1099 396 etit?

62 414 196 493 psittaci,
214 413 341 472 merulae
362 423 391 472 et
406 421 547 490 turtures,
571 415 672 472 cornix
688 422 717 471 et
734 413 863 473 ardiolae
881 424 981 474 contra
996 415 1057 474 vol·
1127 488 1130 494 Ι

63 500 140 576 pium
157 514 251 574 genus
270 496 463 556 communibus
484 498 646 571 inimicitiis,
669 496 759 574 harpe
778 506 806 556 et
829 497 931 556 milvos
958 509 1057 558 contra

63 581 221 641 triorcbim.
252 579 343 656 Quid,
371 597 427 640 non
445 589 473 638 et
496 580 627 641 adlectus
645 581 749 642 indicia
769 590 834 640 sunt
850 582 935 640 etiam
951 583 978 640 in
998 601 1058 641 ser-

40 664 209 744 spentibus,
226 665 401 722 inmitissimo
417 665 576 724 animalium
587 659 716 741 genere?
734 664 888 724 dictasunt
904 683 978 742 quae
993 664 1099 725 Aram

62 750 145 809 cadia
169 757 265 807 narrat
290 748 325 807 de
356 747 470 807 domino
490 767 506 807 a
527 749 653 808 dracone
676 757 790 807 servato
814 757 843 807 et
867 749 963 824 agnito
984 767 1059 807 voce

62 832 192 893 draconi.
223 830 268 890 De
284 831 384 909 aspide
399 832 565 890 miraculum
581 831 742 907 Phylarcho
761 832 906 891 reddatur.
927 834 951 892 is
968 834 1101 895 animab&

62 925 165 976 auctor
189 925 247 990 est,
277 914 391 975 eumad
413 934 538 974 mensam
562 916 708 985 cuiusdam
731 917 850 974 veniens
873 917 901 974 in
923 916 1058 994 Aegypto

62 1001 191 1060 aleretur
201 999 332 1073 adsidue,
349 1001 460 1059 enixam
473 1001 594 1075 catulos,
608 1017 728 1077 quorum
746 1000 782 1058 ab
794 1016 850 1058 uno
862 999 949 1060 lilium
963 1001 1058 1078 bospi-

31 1103 53 1146 ιι
62 1087 99 1144 tis
115 1085 328 1161 interemptum,
346 1083 421 1142 illam
437 1101 584 1142 reversam
599 1085 634 1144 ad
652 1083 886 1145 consuetudinem
903 1083 959 1143 eibi
978 1084 1059 1144 intel·

61 1169 174 1229 lesisse
191 1166 305 1245 culpam
323 1175 351 1224 et
366 1185 469 1228 necem
483 1167 614 1226 intulisse
630 1167 743 1242 catulo,
760 1185 816 1226 neo
830 1175 934 1245 postea
957 1169 985 1226 in
1000 1177 1059 1226 tec·

61 1261 120 1312 tum
136 1251 164 1310 id
180 1268 337 1310 reversam.

14 1397 17 1404 ,
127 1337 178 1394 77.
197 1334 279 1412 (97.)
297 1334 393 1394 Somni
411 1335 541 1412 quaestio
557 1351 614 1393 non
632 1333 784 1394 obscuram
806 1334 1102 1396 coniectationemaos

61 1418 162 1480 habet.
191 1418 222 1477 ln
238 1419 422 1478 terrestribus
438 1419 530 1506 omnia
547 1436 620 1516 quae
639 1418 791 1478 coniveant
803 1416 927 1477 dormire
942 1417 1059 1482 manile·

31 1514 138 1570 uastum
154 1511 208 1561 est.
239 1503 373 1580 aquatilia
397 1519 511 1581 quoque
539 1503 673 1578 exiguum
699 1501 824 1579 quidem,
845 1503 930 1561 etiam
955 1501 1059 1578 quide

62 1587 172 1648 ceteris
186 1586 323 1660 dubitant,
340 1585 463 1645 dormire
479 1595 574 1646 tamen
588 1586 769 1660 existumant
784 1601 842 1659 non
854 1585 1002 1644 oculorum
1015 1604 1059 1646 ar·

61 1655 212 1752 g'umento,
230 1672 366 1747 quianon
381 1669 486 1730 babent
502 1687 609 1746 genas,
630 1687 729 1732 verum
745 1670 807 1746 ipsa
824 1671 920 1746 quiete
940 1686 1059 1728 cernun-

61 1767 108 1816 tur
123 1754 238 1832 placida
254 1755 308 1812 ced
326 1763 479 1832 soporata,
503 1772 599 1832 neque
619 1753 695 1814 aliud
718 1769 802 1831 quam
824 1753 928 1812 caudas
943 1769 1059 1812 moven-

61 1842 101 1899 tia
121 1838 203 1898 etad
219 1837 365 1896 tumultum
380 1837 505 1916 aliquem
521 1839 757 1916 expavescentia.
783 1835 831 1898 -De
847 1837 960 1911 thynnis
976 1848 1103 1900 con-210

30 1923 200 1986 euidentius
222 1921 394 1982 adfirmatur.
426 1925 503 1982 iuxta
530 1923 608 2000 ripas
630 1923 703 1980 enim
725 1929 774 1980 aut
794 1929 894 1998 petras
908 1921 1059 1995 dormiunt,

63 2007 142 2087 plani
157 2014 250 2065 autem
268 2005 388 2083 piscium
409 2007 437 2064 in
458 2005 547 2081 vado,
569 2015 598 2064 ut
620 2024 703 2064 manu
715 2022 804 2082 saepe
827 2006 971 2065 tollantur.
997 2024 1061 2076 nam

62 2090 203 2168 delphini
211 2088 409 2166 balaenseque
421 2097 576 2149 stertentes
589 2090 674 2148 etiam
687 2088 845 2147 audiuntur.
868 2090 978 2148 insecta
991 2106 1060 2165 quo·

63 2193 121 2254 que
137 2173 263 2233 dormird
281 2172 395 2231 silentio
411 2173 546 2251 adparet,
564 2190 638 2249 quae
658 2189 694 2230 ne
714 2170 863 2229 luminibus
881 2172 996 2248 quidem
1012 2172 1059 2230 ad·

62 2259 149 2318 motis
166 2258 336 2316 excitentur.

29 2360 54 2402 as
130 2339 213 2419 (98.)
230 2339 321 2400 Homo
338 2339 451 2416 genitus
468 2339 603 2416 premitur
618 2353 717 2400 somno
730 2355 783 2416 per
794 2337 903 2414 aliquot
915 2354 1039 2411 menses,
1052 2348 1101 2401 ιιι

64 2427 132 2486 dein
153 2423 267 2500 longior
286 2425 314 2482 in
336 2423 398 2482 dies
419 2421 527 2498 vigilia.
567 2421 694 2483 Somniat
711 2422 803 2482 statim
820 2420 921 2481 inians.
953 2431 1061 2480 namet

63 2526 176 2588 pavore
193 2507 406 2584 expergiscitur
423 2515 453 2564 et
469 2513 577 2564 suctum
594 2506 725 2566 imitatur.
761 2504 874 2584 quidam
894 2521 965 2564 vero
983 2517 1060 2564 nutu-

65 2611 168 2672 quam‚
193 2590 295 2668 quibus
315 2589 492 2648 mortiferum
513 2590 603 2650 luisse
624 2591 736 2666 signum
759 2596 858 2650 contra
880 2589 1061 2648 consuetudi

64 2695 132 2736 nem
155 2676 292 2732 somnium
311 2674 469 2732 invenimus
486 2675 630 2752 exempla.
659 2671 778 2752 Magnus
801 2672 847 2732 hio
867 2673 965 2733 invitat
979 2673 1062 2732 locus

30 2771 56 2834 ap
66 2768 96 2819 et
112 2757 234 2818 diversis
248 2756 372 2818 refertus
390 2757 579 2832 documentis,
595 2767 724 2818 utrumne
740 2757 795 2815 sint
810 2756 904 2834 aliqua
919 2757 1062 2835 praescita

65 2844 151 2902 animi
168 2841 354 2920 quiescentis,
371 2859 426 2918 qua
443 2840 510 2899 liant
524 2843 645 2916 ratione,
664 2860 698 2900 an
714 2841 830 2900 fortuita
846 2859 894 2899 res
912 2843 948 2902 sit
960 2850 989 2899 ut
1000 2840 1061 2918 ple·

64 2943 168 3004 raque.
199 2925 229 2983 Si
245 2925 385 3002 exemplis
398 2932 509 3000 agatur,
525 2925 659 3002 prolecto
675 2925 754 3003 paria
770 2923 845 2982 bant
880 2924 986 2983 Avino
1003 2932 1061 2982 eta

65 3009 142 3070 cibis
158 3025 297 3087 proxuma
316 3017 402 3086 atque
425 3009 452 3066 in
477 3007 679 3068 redormitione
703 3026 775 3067 vana
793 3025 860 3067 esse
876 3009 952 3105 visa,
970 3023 1062 3085 prope

65 3094 214 3154 convenit.
231 3101 276 3150 est
287 3101 381 3151 autem
397 3108 512 3149 somnus
527 3092 595 3151 nibil
611 3091 687 3160 aliud
704 3109 787 3169 quam
801 3092 884 3150 animi
898 3093 926 3154 in
940 3091 1061 3150 medium

30 3193 56 3238 as
66 3194 137 3238 sese
152 3193 298 3236 recessus.
326 3175 444 3235 Praeter
457 3175 598 3234 bominem
612 3175 756 3234 somniare
767 3193 870 3252 equos,
883 3192 981 3247 canes,
995 3173 1045 3232 bo·
1053 3181 1105 3234 ιιι

63 3279 138 3337 ves,
154 3277 280 3338 pecora,
298 3277 417 3337 capras,
435 3259 527 3337 palam
540 3267 593 3318 est
624 3258 661 3318 ob
676 3259 732 3318 boc
750 3258 875 3318 creditur
890 3265 919 3317 et
933 3258 961 3315 iu
976 3256 1062 3316 omni·

64 3345 122 3404 bus
140 3362 215 3422 quae
236 3343 337 3402 animal
358 3343 481 3421 pariant,
510 3343 582 3402 de'
564 3361 599 3401 ns
618 3361 691 3420 quae
710 3361 764 3403 ova
786 3342 905 3418 gignunt
925 3341 1063 3400 incertum

68 3437 130 3504 est,
155 3428 209 3487 sed
224 3428 350 3487 dormire.
363 3444 397 3484 ea
416 3436 533 3485 certum.
563 3425 670 3488 Verum
691 3427 726 3487 ad
745 3429 855 3486 insecta
876 3434 1061 3486 transeamus.
1128 3457 1133 3464 -
