2444 3908
322 202 401 250 nar.
417 202 508 250 11111.
531 203 565 250 x.
583 195 684 252 t-ra.
703 191 837 271 (e-is.)
930 225 932 229 ·
1009 190 1067 252 rat

60 355 168 436 pitre,
187 355 212 414 si
228 353 345 433 quando
358 374 412 416 una
428 358 608 436 adparuere,
625 357 688 418 sola
704 361 826 418 omnium
842 359 903 440 avis
919 375 934 416 a
950 375 1003 418 suo
1019 377 1070 438 ge·

48 457 141 498 ¹nere
159 441 339 516 interempta.
369 449 456 500 mutat
474 451 566 502 autem
582 450 611 501 et
625 458 744 517 vocem,
764 443 897 520 procedit
911 460 998 519 vere,
1016 461 1065 502 oc·
1078 455 1112 509 26

64 523 196 584 cultatur
212 522 361 586 caniculae
378 534 441 584 ortu
459 541 633 603 semperque
650 527 722 604 parit
739 527 767 584 in
783 526 884 586 alienis
902 526 992 602 nidis,
1011 545 1068 586 rna·

62 625 155 670 xume
172 605 360 685 palumbium,
383 609 491 668 maiore
515 627 553 668 ex
568 618 651 686 parte
668 610 781 686 singula
800 627 872 684 ova,
896 608 973 686 quod
992 610 1069 672 nulla

33 691 125 753 salia
143 692 220 764 avis,
244 707 310 750 raro
332 690 408 754 bina.
430 702 525 754 'causa
547 693 706 754 subiciendi
726 693 823 772 pullos
839 701 969 772 putatur,
992 693 1070 772 quod

61 777 142 834 sciat
157 793 189 832 se
204 776 324 834 invisam
337 778 446 836 eunetis
463 777 573 838 avibus.
593 794 657 836 nam
669 778 774 838 minuta
791 794 906 856 quoque
922 776 1067 837 infestant.

60 861 105 920 ita
121 875 180 921 111
195 858 260 918 fore
280 868 366 918 tutam
380 863 483 938 generi
498 878 551 920 suo
570 863 689 938 stirpem
705 863 857 941 opinatur,
872 862 900 920 ni
918 860 1068 938 fefellerit,

62 960 159 1022 quare
180 943 287 1002 nullum
304 943 372 1004 facit
393 946 503 1020 nidum,
528 945 636 1024 alioqui
651 947 793 1023 trepidum
814 944 927 1006 animal.
965 945 1066 1005 educat
1077 953 1111 1008 17

63 1043 143 1103 ergo
163 1026 306 1086 subditum
328 1028 489 1088 adulterato
509 1028 569 1089 feta
591 1030 669 1090 nido.
709 1029 758 1089 ille
783 1029 883 1089 avidus
911 1047 948 1088 ex
971 1037 1070 1088 natura

25 1137 52 1180 10
62 1112 208 1190 praeripit
225 1111 306 1170 cibos
327 1113 447 1192 reliquis
463 1113 565 1192 pullis,
582 1114 679 1190 itaque
696 1115 859 1192 pinguescit
875 1121 903 1171 et
920 1113 1024 1173 nitidus
1043 1113 1071 1172 iu

64 1213 101 1256 se
113 1197 251 1269 nutricem
265 1199 416 1262 conuertit.
445 1197 494 1257 iila
510 1198 615 1273 gaudet
627 1199 689 1256 eius
701 1198 801 1276 specie
816 1197 989 1274 miraturque
1003 1215 1070 1256 sese

63 1280 161 1357 ipsam
178 1280 256 1358 qnod
270 1280 531 1360 talempepererit.
567 1298 636 1339 suos
659 1281 865 1358 conparatione
881 1281 943 1338 eius
958 1280 1070 1340 damnat

64 1371 97 1422 ut
123 1362 250 1438 alienos,
274 1364 442 1442 absumique
462 1365 547 1424 ctiam
570 1383 602 1422 se
628 1365 809 1442 inspectante
830 1364 952 1441 patitur,
975 1364 1070 1422 donec

65 1448 210 1524 conripiat
226 1450 317 1526 ipsam
333 1466 449 1527 quoque
465 1449 519 1508 iam
529 1447 651 1515 ‚volandi
663 1457 777 1526 potens.
804 1447 881 1508 nulla
897 1455 963 1506 tuuc
978 1449 1070 1508 avium

30 1545 55 1586 aa
65 1531 209 1591 suavitate
225 1533 319 1591 carnis
335 1542 508 1610 conparatur
523 1532 574 1591 illi.

135 1615 183 1675 10.
208 1613 291 1694 (12.)
320 1614 397 1676 liiilvi
420 1635 458 1676 ex
478 1617 582 1676 eodem
607 1617 775 1693 accipitrum
795 1632 904 1693 genere
929 1616 1113 1693 magnituae

66 1699 134 1758 diue
161 1699 305 1760 differunt.
345 1709 472 1760 notatum
497 1701 525 1758 iu
550 1701 593 1760 his
621 1702 835 1780 rapacissimam
859 1708 887 1758 et
910 1699 1071 1760 famelicam

65 1800 186 1859 semper
199 1783 295 1842 alitem
307 1783 377 1846 nihil
394 1785 537 1844 esculenti
551 1803 657 1862 rapere
672 1802 804 1863 umquam
821 1803 858 1844 ex
869 1784 999 1844 funerum
1012 1783 1069 1842 fer-

67 1867 162 1941 culis,
182 1885 236 1928 nec
255 1865 405 1947 Olympiae
430 1887 468 1928 ex
489 1887 555 1944 ara,
569 1887 608 1928 ae
628 1888 664 1928 ne
685 1869 837 1930 ferentium
852 1869 965 1946 quidem
984 1869 1070 1926 mani·
1102 1921 1103 1924 ,

29 1981 56 2022 20
66 1947 123 2012 bus
141 1953 195 2009 nisi
211 1951 325 2028 lugubri
341 1954 560 2031 municipiorum
574 1953 768 2015 inmolantium
784 1961 908 2012 ostento.
931 1951 1016 2012 iidem
1029 1953 1069 2010 vi·

67 2035 174 2098 dentur
195 2045 286 2096 artem
303 2036 481 2112 gubernandi
496 2037 631 2097 docuisse
650 2037 758 2096 caudae
776 2035 917 2111 flexibus,
942 2035 1069 2094 incaelo
1117 2059 1121 2074 =

66 2128 245 2178 monstrante
262 2127 361 2180 natura
379 2121 456 2198 qnod
471 2138 545 2198 opus
561 2130 640 2180 esset
655 2123 684 2179 in
700 2119 853 2198 profundo.
880 2119 957 2177 milvi
973 2127 1000 2176 et
1016 2119 1071 2196 ipsi

66 2202 199 2264 hibernis
214 2205 361 2264 mensibus
379 2203 483 2279 latent,
509 2222 565 2262 nun
580 2213 674 2265 tamen
689 2211 754 2262 ante
771 2201 948 2262 hirundinem
964 2200 1069 2260 abeun-

66 2298 125 2348 tes.
157 2288 305 2348 traduntur
321 2298 415 2348 autem
430 2297 458 2346 et
474 2306 489 2346 a
506 2288 629 2348 solstitio
651 2287 734 2347 adbel
750 2286 891 2363 podagra.

28 2398 56 2438 25
135 2373 183 2430 11.
213 2370 298 2450 (13.)
330 2372 486 2432 Volucrum
512 2368 1113 2449 1111111111111111111111111111111119

67 2463 193 2516 constat.
231 2465 278 2515 aut
304 2457 379 2516 euim
401 2457 528 2517 aduncos
548 2456 650 2533 unguis
672 2453 780 2514 babent
802 2461 849 2512 aut
874 2452 996 2528 digitos,
1022 2460 1071 2510 aut

66 2539 263 2618 palmipedum
279 2541 307 2598 11
322 2558 432 2618 genere
445 2550 510 2599 sunt
522 2549 552 2599 ut
566 2558 686 2600 anseres
703 2547 731 2598 et
743 2539 894 2618 aquaticae
910 2537 973 2595 fere
989 2555 1069 2595 aves.

59 2624 198 2706 'aduncos
227 2623 329 2700 unguis
352 2623 487 2684 habentia
510 2642 596 2683 earne
622 2632 730 2682 tantum
750 2630 906 2680 vescuntur
928 2639 965 2678 ex
988 2629 1071 2700 parte

66 2725 182 2783 magna.
231 2706 276 2766 12.
300 2708 383 2786 (14.)
407 2708 539 2766 cornices
556 2717 584 2767 et
600 2709 656 2766 alio
671 2705 787 2785 pabulo,
805 2714 835 2763 ut
850 2723 923 2783 quae
936 2703 1068 2764 duritiem
1080 2713 1114 2765 30

30 2810 56 2852 ao
66 2793 151 2850 nucis
166 2799 262 2850 rostro
279 2801 486 2869 repugnantem
502 2793 634 2864 volantes
650 2793 678 2850 in
692 2791 778 2850 altum
791 2791 819 2848 in
834 2807 904 2848 saxa
918 2789 1070 2864 tegulasve

67 2877 175 2936 iaciant
205 2878 307 2936 iterum
338 2894 373 2937 ac
405 2877 537 2955 saepius,
572 2877 665 2936 donec
698 2867 859 2952 quassatam
889 2872 1070 2951 perfringere

68 2969 186 3038 queant.
217 2962 279 3038 ipsa
296 2960 358 3020 ales
375 2969 420 3020 est
439 2962 634 3038 inauspicatae
654 2958 845 3036 garrulitatis,
870 2975 886 3018 a
905 2955 1071 3034 quibusdam

55 3054 166 3104 tamen
189 3043 311 3107 laudata.
351 3045 386 3104 ab
408 3046 515 3104 arcturi
542 3045 637 3104 sidere
660 3042 695 3101 ad
717 3041 895 3102 hirundinum
918 3038 1071 3099 adventum

66 3136 185 3188 notatur
214 3146 275 3188 eam
304 3129 333 3186 in
363 3126 512 3188 Minervae
541 3129 614 3186 lucis
645 3127 819 3204 templisque
849 3141 934 3198 raro,
965 3117 1072 3181 alieubi

32 3213 185 3274 asomnino
211 3229 268 3271 nou
294 3211 421 3290 adspici,
450 3213 523 3270 sicut
547 3211 680 3272 Athenis.
725 3219 878 3288 praeterea
907 3205 971 3265 sola
996 3205 1072 3264 haec
1183 3287 1185 3292 ,

68 3297 156 3356 etiam
173 3295 296 3356 volantis
308 3296 405 3375 pullos
422 3295 593 3372 aliquamdiu
608 3295 710 3371 pascit,
727 3290 984 3372 inauspicatissima
995 3288 1071 3348 fetus

68 3390 222 3456 tempore,
243 3382 299 3441 hoc
316 3389 361 3438 est
376 3389 442 3457 pest
458 3380 620 3438 solstitium.

136 3463 220 3540 (15.)
245 3463 370 3525 Ceterae
388 3481 485 3526 omncs
501 3481 538 3524 ex
553 3463 656 3523 eodem
671 3481 781 3540 genere
793 3459 905 3540 pellunt
916 3458 989 3518 nidis
1005 3456 1068 3537 pul·
1080 3463 1115 3518 31
