2462 3900
205 211 268 274 tta
559 219 590 270 o.
608 219 867 270 ammoneantur

205 380 356 457 civemque
370 377 559 438 elarissimum
576 375 634 436 ridi
648 391 738 436 annos
753 375 817 435 lere
832 386 901 455 post
917 387 970 438 oc.
998 377 1056 438 iam
1070 395 1151 438 vere
1169 376 1209 438 lli·

205 461 320 524 aaronis
339 479 374 523 ao
394 461 452 522 divi
467 459 590 538 nugati
604 459 777 539 vergilique
792 476 1004 539 saepenumero
1023 461 1172 523 videmus.

162 556 198 613 ot
272 545 321 608 13.
346 544 431 625 (27.)
454 543 584 623 lugentia
603 543 737 622 exempla
756 553 856 604 eontra
872 543 912 604 bl.
925 544 1069 606 Varronis
1094 557 1208 608 senten

203 631 272 692 tiam
294 629 331 690 de
356 629 462 690 chartis
484 629 678 708 reperiuntur.
713 645 837 706 namque
855 625 973 690 Cassins
995 628 1143 706 llemina,
1166 650 1207 704 ref

202 715 375 776 tutissimus
391 723 493 774 auetor
511 713 667 783 annalium,
684 722 787 790 quarto
801 729 903 786 eorum
919 712 993 773 libro
1009 713 1148 791 prodidit
1162 713 1222 776 oet

202 797 368 859 Terentium
380 796 505 857 scribam
517 814 617 874 agrum
627 814 709 857 soum
719 794 884 857 inlaninnlo
896 798 1131 876 repastinantem
1145 799 1206 859 effo-

202 882 282 944 disse
304 898 401 942 aroam
426 882 454 941 in
477 899 533 960 qua
549 879 639 940 Numa
654 881 703 960 qui
718 878 827 944 Rornae
847 883 980 958 regnavit
996 883 1072 942 ritus
1098 883 1205 952 fnisset

160 975 195 1031 et
206 968 234 1026 in
253 965 354 1025 eadem
369 964 461 1024 libros
477 966 540 1024 eius
555 973 692 1042 repertos
707 964 736 1023 P.
752 962 891 1024 Cornelio
907 964 938 1025 b.
955 962 987 1024 tt.
1002 961 1160 1044 Cethego,
1173 965 1204 1026 tt.

201 1048 311 1108 baebio
328 1047 364 1122 Q.
378 1045 411 1108 F.
428 1047 578 1128 Tamphilo
602 1065 680 1109 eost.
701 1047 737 1108 ad
758 1065 832 1126 quos
853 1066 869 1108 a
888 1067 981 1126 regno
995 1047 1115 1110 Numae
1132 1051 1204 1111 eolli-

201 1140 307 1208 guntur
317 1133 383 1192 anni
397 1143 528 1194 nmv.
557 1131 611 1192 hos
627 1131 718 1192 luisse
731 1151 748 1191 e
765 1131 863 1192 charta
873 1166 915 1180 -
928 1135 1040 1194 maiore
1053 1135 1226 1195 etiamnuntt

202 1215 358 1291 miraculo,
374 1216 451 1295 quod
467 1225 510 1276 tot
524 1216 627 1276 iniossi
642 1217 807 1276 duraverint
821 1218 916 1293 annis,
932 1228 1121 1296 quapropter
1135 1221 1164 1277 in
1177 1236 1204 1278 re

25 1299 28 1316 '
158 1299 284 1366 notante
311 1302 403 1380 ipsius
426 1299 564 1361 Heminae
594 1299 683 1361 verba
711 1317 829 1380 ponam:
865 1299 1103 1362 Mirabantur
1135 1303 1203 1376 alii,

202 1385 385 1463 quomodo
412 1384 473 1445 illi
497 1384 586 1445 libri
615 1385 751 1444 durare
778 1395 949 1462 possent,
976 1384 1043 1444 ille
1070 1388 1125 1446 ita
1153 1404 1202 1446 ra·

201 1468 339 1528 tionem
358 1467 557 1530 reddebat:
582 1468 744 1547 lapidem
763 1469 883 1529 luisse
901 1469 1120 1548 quadratum
1139 1471 1202 1530 eir·

195 1553 297 1612 aiter
321 1554 355 1613 in
381 1551 499 1612 media
520 1571 604 1612 area
627 1553 812 1612 evinctum
836 1552 1004 1613 candelis
1030 1565 1225 1632 quoquo-n

200 1653 341 1696 versus.
368 1636 1201 1714 ineolapideinsuperlibrosinsitosluiase,

200 1719 1006 1798 proptereaarbitrariernonoonputuisae.
1032 1721 1201 1780 etlibros

201 1802 361 1862 citratos
379 1803 518 1877 luisse,
539 1812 742 1882 propterea
758 1797 978 1864 arbitrarier
993 1805 1123 1865 tineas
1139 1822 1200 1864 nor

200 1883 388 1962 tetigisse.
407 1886 447 1963 [in
457 1885 501 1945 bis
514 1885 595 1948 libris
608 1889 805 1966 scriptaerunt
816 1887 1020 1966 philosophiae
1032 1888 1199 1966 Pythagori-

201 1967 276 2046 oaeJ,
292 2003 333 2014 -
350 1987 461 2048 eosque
477 1970 643 2030 combustos
658 1989 674 2030 a
689 1971 725 2046 Q.
742 1971 846 2032 Petilio
861 1981 1007 2050 praetore,
1027 1973 1096 2050 quia
1110 1973 1222 2052 philott

157 2057 192 2114 ot
204 2052 326 2132 sophiae
342 2055 450 2132 scripta
466 2064 573 2115 essent.
598 2053 661 2116 lloo
673 2056 749 2118 idem
761 2055 846 2116 tradit
857 2055 924 2116 Piso
941 2057 1096 2116 censorius
1113 2059 1200 2135 primo

200 2140 484 2214 oommentariorum,
510 2139 562 2198 sed
579 2137 672 2200 libros
693 2148 807 2218 septem
828 2141 897 2198 iuris
912 2139 1051 2218 pontificii
1068 2141 1199 2200 totidem·

199 2238 255 2299 que
268 2222 478 2301 Pythagoricos
493 2222 593 2282 luisse.
625 2222 780 2284 Tuditanus
796 2237 870 2284 x111.
889 2223 998 2283 Numae
1015 2223 1199 2284 decretorum

196 2304 298 2366 luisse.
327 2307 417 2366 libros
433 2322 483 2368 ΧΗ
499 2307 591 2368 luisse
611 2309 675 2388 ipse
689 2307 782 2366 Varro
800 2307 988 2368 Humanarum
1004 2309 1200 2386 antiquitatum

196 2398 346 2467 septumo,
359 2392 460 2452 Antias
474 2391 603 2452 seeundo
617 2391 708 2451 libros
720 2390 811 2451 luisse
823 2404 875 2452 ΧΗ
887 2390 1061 2469 pontificalis
1071 2389 1222 2464 Latiniano

197 2473 316 2532 totidem
329 2473 459 2535 Graecos
472 2483 630 2553 praecepta
642 2474 845 2553 philosophiae
856 2477 1039 2544 continentis.
1056 2474 1135 2534 idem
1147 2485 1199 2535 ter·

196 2554 237 2613 tio
260 2565 289 2616 et
310 2566 426 2617 senatus
450 2558 612 2618 consultum
634 2560 714 2636 ponit
736 2577 793 2637 quo
820 2559 948 2619 comburi
971 2577 1023 2618 eos
1046 2558 1197 2636 placuerit.

154 2641 190 2698 88
200 2634 277 2696 lnter
292 2642 384 2702 omnis
399 2659 471 2701 vero
485 2643 619 2702 convenit
634 2642 773 2718 Sibyllam
788 2643 825 2704 a'tl
840 2642 1022 2721 Tarquinium
1036 2643 1199 2721 Superbum

196 2720 247 2778 tris
263 2721 354 2783 libros
370 2727 517 2802 attulisse,
532 2723 683 2804 exquibus
697 2727 751 2805 sint
764 2727 820 2787 duo
833 2729 952 2787 cremati
962 2726 997 2788 ab
1010 2726 1085 2804 ipsa,
1100 2729 1198 2786 tertius

197 2822 260 2864 eum
273 2809 409 2884 capitolio
418 2811 542 2871 Sullanis
553 2810 741 2890 temporibus.
757 2811 913 2872 Praeterea
919 2810 1061 2872 blutianus
1073 2819 1123 2870 ter
1135 2820 1225 2870 eon-tt

197 2889 242 2950 sul
256 2891 381 2968 prodidit
395 2912 487 2972 nuper
502 2913 534 2954 se
550 2894 671 2971 legisse,
689 2913 751 2954 ourn
767 2896 947 2974 praesideret
958 2893 1080 2972 Lyciae,
1095 2895 1197 2974 Sarpe-

196 2973 278 3034 donis
293 2975 328 3034 ab
344 2974 431 3038 troia
447 2980 583 3057 scriptam
598 2979 761 3056 inquodam
776 2980 884 3059 templo
899 2978 1042 3059 epistulae
1059 2977 1196 3052 chartam,

196 3058 273 3137 quod
289 3077 325 3118 eo
340 3063 433 3138 magis
451 3063 553 3140 miror,
569 3065 593 3122 si
608 3065 760 3124 etiamnum
775 3063 901 3123 Homero
919 3062 1063 3123 nondente
1078 3063 1196 3141 Aegyp

110 3221 115 3230 s
195 3152 241 3202 tus
251 3161 308 3202 non
321 3155 393 3206 erat.
406 3154 466 3205 aut
478 3163 539 3222 our,
553 3149 577 3206 si
591 3150 646 3207 iarn
661 3148 708 3208 hio
721 3157 784 3207 erat
795 3167 874 3221 usus,
888 3149 916 3206 in
930 3145 1072 3224 plumbeis
1086 3146 1196 3206 linteis·

195 3245 252 3305 que
266 3228 459 3289 voluminibus
472 3232 661 3308 scriptitatum
677 3241 807 3307 oonstet,
825 3249 912 3290 ourve
928 3230 1073 3291 llomerus
1091 3233 1122 3290 in
1139 3233 1225 3309 ipsas

195 3310 244 3371 illa
259 3311 347 3386 lycia
362 3313 581 3392 bellerophonti
598 3316 750 3377 codicillos
769 3317 868 3388 datos,
893 3333 950 3374 non
966 3315 1128 3392 epistulas,
1144 3325 1196 3373 tra·

151 3400 186 3455 89
196 3393 319 3456 diderit?
342 3397 529 3457 sterilitatem
541 3401 627 3460 sentit
640 3399 697 3460 hoc
713 3417 844 3478 quoque,
861 3398 1025 3482 factumque
1042 3399 1098 3457 iam
1114 3397 1196 3458 Tibe·

194 3476 238 3533 rio
249 3479 381 3559 principe
393 3483 487 3561 inopia
505 3482 620 3542 chartae
631 3492 661 3543 ut
673 3500 689 3542 e
701 3493 802 3543 senatu
815 3484 948 3543 darentur
964 3481 1063 3542 arbitri
1079 3482 1197 3560 dispen-

196 3557 320 3639 sandae,
335 3564 406 3626 alias
422 3567 451 3626 in
466 3567 585 3627 tumultu
595 3569 653 3627 vita
669 3576 739 3628 erat
