2462 3900
295 211 375 258 uun.
393 209 484 258 urse.
501 157 590 256 uuor.
608 205 696 260 6-«8.
717 193 848 282 (te-10.)
1008 201 1070 273 2ῦρ
1180 212 1186 223 ·

68 365 171 426 liarica
185 381 222 424 ex
233 365 334 426 insulis
345 363 535 429 emturum
546 363 646 424 ltaliae
661 365 781 441 prinis
794 365 859 428 Nee
868 367 973 443 ignem
984 372 1072 434 multa

68 449 276 528 praetermissa
298 447 456 526 plexosque
474 448 706 523 existimaturos,
726 449 840 529 quande
863 469 944 512 suum
969 458 1073 536 cuique

68 529 183 613 placet,
197 541 227 592 et
238 549 421 611 quocumque
435 541 519 595 eatur
528 529 626 595 labala
640 532 743 599 eadem
754 535 913 612 reperitur.
940 535 998 600 divi
1010 541 1067 600 Au·
1081 550 1116 609 72

68 618 146 694 gusti
167 617 340 678 iudiciorum
360 633 396 678 ao
416 616 504 695 palati
529 617 732 694 peritissimum
749 637 765 678 e
783 619 897 680 libertis
920 637 1072 686 censuram

42 702 126 766 enini
142 703 170 763 in
185 701 289 778 epulas
301 701 363 762 eius
379 702 533 762 facientem
545 700 654 760 dixisse
669 699 778 780 hospiti
792 703 829 764 de
851 703 986 779 indigena
1006 707 1073 768 rino
1089 721 1095 728 ·

67 801 175 846 novem
191 785 310 863 quidem
322 784 376 844 sibi
391 793 506 862 gustum
520 802 589 845 esse
604 801 669 844 enm
685 795 775 865 atque
790 803 847 848 non
861 805 900 848 ex
914 787 1071 867 nobilibus,

68 869 122 930 aed
145 866 304 931 Gaesarem
327 886 386 930 nen
407 867 484 930 aliud
507 877 649 947 peterem.
683 887 739 929 nec
763 873 931 950 negaverim
961 881 990 932 et
1016 875 1073 937 alia

68 954 155 1030 digna
176 954 355 1030 eisetuna,
376 951 430 1016 sed
452 953 489 1022 de
511 951 615 1032 quibes
634 969 797 1018 cousensus
819 957 884 1016 aevi
902 955 1072 1018 iudicaverit

67 1039 143 1100 haec
158 1046 232 1098 sunt.

30 1132 58 1178 at
133 1121 162 1180 7.
184 1121 247 1199 (9.)
266 1119 349 1182 Nunc
361 1121 445 1183 simili
460 1119 546 1182 mode
559 1123 745 1182 transmarina
755 1121 896 1184 dicemus.
918 1123 950 1184 ln
964 1135 1118 1192 summati

67 1206 163 1282 gloria
182 1214 248 1284 pest
264 1204 419 1267 llemerica
434 1205 501 1276 illa,
516 1203 555 1266 de
573 1203 675 1282 mribus
692 1222 782 1283 supra
802 1205 941 1283 diximus,
959 1208 1043 1270 fuere
1054 1227 1116 1274 aa...

69 1289 204 1350 Thasium
223 1285 398 1366 Chiumque,
416 1306 454 1350 ex
469 1286 543 1348 Chio
559 1288 636 1365 quod
652 1288 797 1348 Arrisiam
812 1299 928 1350 vocant.
961 1291 1006 1352 his
1024 1291 1073 1352 ad·

69 1371 288 1437 turriculum
303 1371 472 1433 Erasistrati
487 1375 610 1450 maxumi
634 1372 738 1434 medici
757 1375 932 1448 aucteritas,
957 1375 1074 1434 circiter

70 1469 189 1520 ccccm
213 1475 316 1518 aunum
344 1456 422 1516 urbis
447 1456 567 1518 Romae.
606 1473 681 1516 nune
708 1458 799 1533 gretia
821 1466 887 1516 ante
905 1459 1002 1528 emnia
1024 1450 1072 1518 est

30 1559 59 1604 ts
70 1539 268 1618 Clazomenio,
282 1551 435 1620 postquam
448 1541 564 1619 parcius
574 1542 645 1600 mari
658 1540 802 1600 condiunt.
824 1539 958 1604 Lesbium
971 1550 1118 1620 sponteld

70 1643 142 1688 suae
156 1633 276 1689 naturae
297 1641 377 1686 mare
399 1626 484 1704 sapit.
515 1641 571 1684 uec
587 1623 702 1686 Tmoliti
716 1641 771 1702 per
788 1643 821 1684 se
841 1627 934 1702 gratia
949 1628 1072 1702 nivino,

69 1710 124 1774 sed
136 1709 218 1772 errius
228 1708 306 1770 dulci
319 1709 444 1773 mixte
455 1709 633 1786 reliquorum
641 1708 742 1768 duritia
756 1710 926 1772 suavitatem
937 1710 1073 1788 accipiat,

68 1793 153 1856 mmul
165 1802 195 1854 et
206 1802 341 1868 aetatem,
353 1794 489 1872 moniam
499 1794 659 1854 vetustiora
671 1795 802 1872 protinus
813 1794 955 1854 videntur.
971 1793 1017 1856 Ab
1030 1794 1075 1855 his

69 1877 197 1955 dignatio
213 1887 257 1940 est
269 1878 419 1953 Smyonie,
433 1876 553 1956 Cyprio,
568 1876 736 1954 Telmisiee,
749 1876 931 1956 Tripolitico‚
944 1877 1073 1953 Berytio‚

27 1977 58 2022 ro
72 1959 176 2036 Tyrio,
201 1961 408 2036 sebennytico.
438 1964 467 2022 in
482 1961 620 2040 Aegypto
637 1961 694 2022 hoe
709 1963 837 2024 nascitur
851 1963 944 2024 tribus
959 1965 1074 2040 generi·

69 2045 125 2107 bea
148 2063 266 2106 uvarum
287 2045 326 2106 ibi
340 2045 545 2119 nobilissimis,
568 2044 693 2118 Thasio,
715 2044 847 2120 aethalo,
870 2063 975 2124 peuce.
1005 2046 1118 2113 Pestis

68 2130 143 2190 haee
164 2130 321 2190 auctoritas
342 2127 594 2206 impedimentis,
621 2127 762 2200 Mystico,
787 2128 981 2203 cantuaritae,
1005 2146 1073 2206 pre·

58 2223 155 2291 -trepe
180 2210 299 2286 Cnidio,
328 2209 634 2283 Catacecaumenitae,
659 2208 802 2283 l’etritae,
828 2208 974 2283 llpcenie.
1010 2229 1074 2270 nam
1160 2201 1162 2209 '

67 2296 233 2372 lleeepiten
253 2294 357 2372 eapitis
378 2293 498 2356 deleres
513 2292 614 2354 iacere
632 2300 803 2371 conpertum
819 2302 880 2366 est,
903 2312 960 2352 uec
975 2291 1072 2372 Ephe·

25 2395 57 2440 25
67 2383 143 2442 sium
159 2377 280 2440 salubre
294 2395 376 2453 ease,
393 2378 526 2454 queniam
540 2377 611 2436 mari
627 2385 657 2435 et
671 2375 784 2437 defruto
801 2375 961 2438 condiatur.
993 2376 1071 2455 Apa-

65 2479 183 2526 menum
203 2461 296 2524 mulso
314 2462 474 2540 praecipue
494 2461 652 2523 convenire
669 2460 788 2534 dicitur,
811 2461 884 2520 sieut
900 2461 1073 2522 Praetutium

66 2552 97 2610 in
115 2545 207 2608 ltalia.
236 2555 281 2608 est
303 2547 379 2606 euim
396 2554 426 2606 et
450 2544 524 2606 haee
539 2545 705 2624 proprietas
724 2561 873 2621 generum.
903 2545 1004 2606 dulcia·
1019 2547 1071 2605 uti-

68 2649 127 2711 que
147 2632 223 2691 iuter
243 2648 277 2690 se
301 2648 359 2691 non
380 2638 550 2707 congruunt.
581 2627 719 2690 Exelevit
743 2637 773 2687 et
793 2629 967 2706 protagien,
991 2631 1068 2708 qued
1081 2637 1118 2692 76

67 2715 178 2777 Italicis
191 2731 360 2794 proxumum
375 2715 507 2776 fecerant
521 2713 707 2792 Asclepiadis
720 2711 849 2774 scholae.
873 2714 1072 2794 Apollodorus

26 2800 200 2860 remedians
224 2802 253 2860 ie
272 2800 417 2863 volumine
438 2815 497 2878 que
522 2799 613 2860 suasit
633 2797 800 2859 Ptolemaeo
823 2798 887 2875 regi
909 2816 983 2877 quae
1007 2799 1073 2856 vina

67 2883 185 2946 biberet
200 2883 310 2946 ltalicis
331 2885 414 2944 eiam
438 2891 496 2944 tum
517 2882 623 2960 ignotis
645 2880 772 2942 laudavit
788 2882 819 2942 in
837 2881 929 2942 Ponto
945 2879 1072 2959 Nasper·

69 2970 201 3044 eeniten,
218 2985 286 3028 mox
298 2968 462 3042 Oreticum,
479 2964 645 3041 Oeneaten,
661 2963 850 3041 Leucadium,
865 2965 1072 3026 Ambracioten

68 3061 100 3112 et
112 3052 189 3130 qued
203 3054 314 3112 cunctis
327 3051 465 3131 praetulit
476 3049 690 3128 Peparetbium,
702 3047 755 3110 sed
769 3050 887 3110 mineris
899 3050 991 3108 lamae
1005 3065 1072 3108 esse

67 3137 156 3212 dixit,
170 3137 308 3216 queeiam
322 3147 388 3200 unte
405 3154 460 3196 serr
475 3151 566 3196 naues
581 3150 638 3195 nen
653 3133 794 3211 placeret.
1082 3129 1084 3138 ’

28 3235 59 3279 es
135 3219 163 3281 8.
189 3219 274 3299 (to.)
296 3219 443 3286 Hactenus
458 3213 959 3282 benitasuiuinetiouibnsdebetur.
985 3212 1070 3290 Apud
1082 3219 1115 3276 77

71 3305 203 3366 Graecos
218 3305 282 3364 iure
297 3303 485 3367 clarissimum
500 3319 606 3362 nemen
621 3302 751 3380 accepit,
764 3300 841 3380 quod
852 3298 1074 3378 appellaremus

69 3388 156 3468 bien,
180 3388 216 3450 ad
237 3387 386 3466 plurumos
401 3387 597 3452 valetudinum
616 3403 687 3449 usus
703 3385 918 3462 excogitatum,
939 3391 972 3444 ut
984 3380 1071 3443 doce·
1085 3377 1115 3454 ’,ᾗ

69 3473 164 3532 bimus
182 3474 210 3532 in
225 3481 309 3549 parte
323 3471 493 3532 medicinae.
521 3471 552 3530 iit
568 3480 663 3532 summ
674 3463 843 3530 heemedo:
861 3481 945 3526 urae
960 3463 1075 3544 paulum
