2444 3910
278 215 356 262 nso.
372 215 462 266 sisu.
478 215 536 265 vn.
549 209 667 268 ΒΗ).
682 201 835 283 (dd—41.)
952 275 955 284 Ι
1012 201 1052 264 25

40 386 108 430 non
127 367 258 428 inoendit
273 385 327 428 rex
341 367 505 428 llomotrius
521 376 703 446 expugnator
717 371 948 445 eognooainntos,
964 387 1002 430 ne
1015 379 1056 430 ta·

42 453 153 514 hulam
168 451 341 530 Protogenis
354 460 496 512 cremarat
511 469 528 510 a
544 461 626 529 parte
641 469 677 512 ea
693 453 763 515 muri
780 452 912 517 looetam.
942 453 1037 514 Praxi·
1048 461 1099 518 lii

42 537 131 602 tetes
148 553 290 598 marmore
306 535 471 599 nobilitatus
483 544 529 596 est
539 534 697 612 cnidiaque
710 535 826 598 Venere
836 538 994 614 praecipue
1007 556 1056 598 ve·

42 637 124 680 sano
143 616 243 680 amore
259 619 405 682 cuiusdam
421 621 531 680 iuvenis
543 621 657 696 insigni,
674 619 726 679 sed
739 628 767 678 et
781 619 946 680 Nioometfis
962 630 1056 682 aestu-

6 705 184 764 -ematione
210 705 290 784 regis
311 705 413 780 prandi
430 701 593 770 Cnidiorum
611 721 680 764 aere
695 703 792 768 alieno
807 713 971 782 permutare
994 722 1057 764 eam

44 789 161 848 eonati.
198 787 315 850 Phidiae
335 787 464 866 luppiter
481 787 630 870 Olumpias
653 787 759 848 ootidie
776 789 967 853 testimonium
990 805 1056 866 per-

43 871 152 946 hiber,
176 869 299 934 Mentori
326 869 504 950 Capitolinus
523 881 553 932 et
576 871 667 932 Diana
690 869 817 949 Ephesi,
843 869 946 948 quihus
973 871 1056 932 fuere

46 963 229 1014 consecrata
244 958 313 1018 artis
331 958 392 1014 eius
407 974 485 1015 vasa.

115 1039 167 1102 39.
190 1039 273 1118 (to)
307 1039 431 1100 Pretium
448 1039 569 1102 hominis
587 1039 614 1098 in
636 1040 756 1104 servitio
775 1041 865 1115 geniti
881 1047 1100 1106 maxumumthit

6 1123 86 1184 read
105 1121 292 1198 hanediem,
314 1123 391 1201 quod
408 1125 542 1200 equidem
562 1125 761 1200 conpererim,
780 1122 833 1184 luit
853 1123 1055 1198 grammatieae

47 1208 122 1267 artis
146 1205 277 1284 Daphni,
296 1205 379 1266 Notio
402 1205 573 1278 Pisaurense
587 1205 731 1266 vendente
752 1214 781 1264 et
798 1205 835 1267 lt.
852 1207 962 1269 Soeuro
980 1207 1055 1284 prin·

47 1293 119 1369 oipe
136 1290 260 1351 civitatis
278 1289 325 1352 111.
339 1302 408 1352 oco
430 1291 545 1352 licente.
568 1307 726 1350 exoessero
742 1289 799 1351 hoo
817 1291 845 1348 in
859 1299 958 1350 nostro
971 1307 1055 1363 aevo,

47 1391 108 1456 neo
122 1373 251 1448 modios,
262 1374 409 1434 histrionis
421 1375 530 1434 reditus
541 1373 703 1434 libertatem
715 1391 794 1434 suam
805 1374 935 1446 mercati,
947 1374 1055 1450 quippe

48 1475 118 1516 oum
133 1459 189 1518 ianr
203 1459 278 1536 apud
292 1457 550 1521 meloresliosoius
566 1455 771 1518 hornotino
782 1475 873 1519 annua
889 1459 1039 1516 meritasse
1048 1464 1100 1518 129

6 1542 209 1619 depredatur,
234 1543 286 1600 nisi
308 1543 333 1601 si
348 1543 412 1620 quis
427 1544 455 1599 in
471 1541 527 1600 hoe
547 1541 614 1601 loeo
638 1541 783 1602 desiderat
803 1541 965 1603 Asmenieei
985 1539 1056 1598 belli

34 1625 144 1702 paulo
159 1634 224 1684 ante
241 1634 362 1704 propter
377 1624 528 1686 Tiridaten
537 1626 613 1702 gesti
625 1625 864 1702 dispensatorem,
877 1643 963 1704 quem
976 1623 1057 1684 Nero

50 1707 104 1770 111.
129 1721 224 1774 cxxx
245 1710 413 1769 manumisit.
445 1709 497 1769 sed
518 1709 575 1772 hoo
597 1711 719 1787 pretium
741 1709 827 1785 belli,
846 1727 902 1768 non
923 1709 1055 1782 hominis,

50 1793 105 1852 fait
121 1801 196 1867 tam,
217 1791 375 1868 Hercules,
394 1809 478 1872 quam
493 1792 635 1874 lihidinis,
657 1809 715 1855 uon
734 1794 861 1868 formae,
882 1792 1056 1852 Paeaontem

52 1895 69 1935 e
87 1876 265 1954 spadonibus
286 1877 383 1940 Seiani
404 1875 455 1938 111.
477 1891 501 1938 1)
525 1887 670 1938 mercante
697 1876 816 1938 hutorio
832 1877 941 1936 Prisoo.
973 1893 1057 1953 quam

15 1959 169 2038 etquidem
183 1961 312 2020 iniuriam
327 1960 471 2020 lueriieeit
479 1961 532 2022 ille
543 1971 686 2024 mercatus
700 1964 729 2020 in
741 1961 820 2022 laetu
835 1961 968 2033 civitatis,
986 1975 1055 2036 quo·

52 2042 131 2106 niam
148 2061 275 2120 arguere
289 2043 360 2104 nulli
376 2044 507 2107 vacabat.
1007 2053 1014 2082 '

117 2127 168 2188 40.
193 2127 275 2205 (41.)
311 2127 440 2188 Gentium
466 2129 496 2188 in
526 2137 586 2188 toto
616 2128 687 2188 orbe
712 2128 958 2205 praestantissimo
983 2145 1038 2186 una
1048 2135 1100 2189 13⁰

53 2211 178 2280 omnium
206 2213 311 2270 virtute
334 2209 513 2273 hauddubie
539 2211 667 2272 Romana
694 2212 813 2270 exstitit.
849 2207 985 2270 Felicitas
1010 2211 1055 2270 oui

54 2293 215 2374 praecipua
229 2295 315 2354 fuerit
329 2294 434 2354 homini
450 2312 507 2354 nou
523 2305 567 2356 est
582 2293 694 2355 humani
710 2294 811 2367 iadioi,
829 2309 892 2352 eum
907 2292 1053 2370 prosperi·

20 2393 45 2435 aa
56 2387 143 2442 tatem
160 2379 251 2456 ipsam
267 2378 339 2438 alius
354 2377 414 2438 olio
428 2379 517 2438 modo
530 2389 558 2438 et
572 2386 677 2454 suopte
692 2377 808 2452 ingenio
820 2377 943 2458 unisque
959 2375 1053 2436 deter-

56 2466 150 2522 minet.
182 2463 206 2520 si
223 2480 321 2522 verum
337 2462 436 2524 faeere
459 2461 593 2523 iudieium
612 2460 744 2520 volamus
764 2478 799 2522 ao
814 2459 964 2536 repudiata
980 2459 1055 2521 omni
1108 2531 1109 2536 γ

57 2547 185 2606 fortunae
213 2545 366 2607 ambitione
393 2544 573 2621 deoernere,
600 2562 686 2606 nemo
710 2543 872 2609 mortalium
899 2552 943 2602 est
972 2542 1078 2608 felin,¹

58 2629 168 2691 abunde
187 2630 283 2705 agitur
308 2639 393 2707 atque
419 2629 601 2708 indulgenter
617 2647 633 2690 a
650 2629 764 2691 torinna
781 2627 923 2689 deciditur
939 2643 1003 2686 eum
1018 2643 1054 2686 eo

58 2714 105 2792 uui
120 2714 180 2772 iure
195 2713 254 2772 diei
269 2729 327 2772 non
342 2713 443 2775 infelix
458 2722 564 2792 potest.
591 2714 699 2792 quippe
712 2721 742 2772 ut
752 2711 809 2772 elia
821 2728 878 2770 non
894 2713 959 2784 sint,
973 2718 1054 2768 eerte

24 2814 92 2857 sone
109 2797 249 2864 lassescat
263 2798 376 2858 fortuna
390 2806 483 2859 metus
498 2807 560 2873 est,
581 2813 638 2875 quo
658 2797 752 2858 semel
764 2803 887 2874 reeopto
903 2793 996 2854 solida
1012 2792 1054 2850 io·

57 2881 147 2942 lieitas
171 2898 227 2940 non
244 2891 300 2956 est.
332 2881 398 2961 quid
424 2882 501 2960 quod
522 2897 608 2948 nemo
625 2881 786 2940 mortalium
809 2877 940 2940 omnihus
956 2876 1035 2937 horis
1045 2882 1094 2936 131

58 2963 152 3044 sopiti
172 2966 334 3043 utinamque
352 2965 456 3029 laisum
476 2965 534 3029 hoo
556 2973 585 3026 et
604 2981 661 3026 non
676 2973 741 3024 uta
760 2971 827 3022 vate
844 2961 949 3020 dietum
970 2973 1053 3034 quam

58 3050 175 3128 plurumi
199 3049 340 3111 iudicent!
367 3067 450 3110 ,vana
472 3049 632 3118 mortalitas
651 3057 681 3108 et
703 3047 743 3108 ad
766 3039 1053 3106 circumscribendam

59 3151 90 3194 se
108 3133 194 3210 ipsam
207 3134 358 3210 ingeniosa
372 3142 511 3212 eenpntat
525 3149 605 3197 mere
622 3131 763 3196 lhraeiae
777 3131 888 3206 gentis,
904 3141 977 3203 quae
993 3119 1051 3180 eal·

27 3216 138 3276 oeulos
153 3217 254 3276 colore
273 3217 424 3279 distinotos
440 3215 711 3296 proexperimento
731 3216 869 3290 caiusque
890 3207 947 3270 diei
964 3206 992 3264 in
1005 3221 1051 3262 ur·

59 3309 120 3361 nens
136 3301 232 3362 eondit
250 3318 287 3360 ae
302 3318 444 3378 supremo
454 3303 500 3362 die
517 3309 671 3378 separatos
687 3299 846 3360 dinumeret
861 3302 945 3368 atque
961 3289 1000 3346 iifl
1015 3286 1052 3347 de

60 3401 170 3462 quoque
182 3386 368 3462 pronunciat.
395 3376 468 3462 quid
479 3384 555 3462 quod
573 3386 628 3444 iste
645 3383 748 3445 ealeuli
764 3380 889 3442 eandore
905 3372 956 3438 itio
973 3371 1094 3433 lea-132

60 3468 137 3528 datus
151 3465 215 3532 dies
236 3469 377 3547 originem
396 3468 462 3529 mali
477 3465 596 3530 hebuit?
628 3483 712 3545 quam
733 3463 836 3528 nultos
858 3462 981 3533 aooepta
1003 3449 1051 3512 ed·
