2444 3910
243 216 323 264 unu.
345 215 436 264 mrsu.
459 215 520 264 ιιι.
545 213 666 268 so-oo.
691 205 844 285 (st—oo.)
998 211 1033 269 ιι

11 359 258 450 cuttpui‘aerts,
283 385 357 447 quse
378 378 423 430 est
446 370 532 432 lrodic
548 372 575 431 in
590 369 700 448 Palatio
719 372 796 432 douo
812 375 972 452 principum
988 375 1038 436 lli·

14 471 142 514 nervac
166 455 260 513 dicata
282 456 310 512 iu
339 454 531 530 bibliotheca,
554 473 617 516 cum
638 457 824 534 inscriptione
841 458 907 518 tali:
924 461 1039 522 NAT-

16 538 275 602 ΣΙΚΡΑΤΗΣ
302 539 517 599 ΑΝΕΘΕΤΟ
551 539 634 600 ΤΗΙ
657 540 772 602 ΔΙΟΣ
800 541 946 604 ΚΟΡΗΙ
959 547 1039 608 ΔΕ-

16 622 200 685 ΚΑΤΑΝ
212 619 544 692 ΑΛΕΞΙΟΔῬΝΟΝ
563 621 699 686 ΩΝΑΟ.

90 708 144 767 59.
171 706 254 786 (59.)
282 709 415 786 Sequens
431 710 557 783 gentium
570 726 729 779 consensus
742 710 769 768 in
781 707 944 770 tonsoribus
958 710 1076 786 luit,211
1153 729 1155 734 ’
1186 771 1194 793 Ι

20 792 81 852 sed
98 790 239 854 Romanis
257 789 383 855 tauto:
409 793 436 850 in
457 789 567 854 tacitam
584 811 623 854 cx
643 791 741 854 fficilia
757 811 867 854 venere
890 803 958 872 post
979 795 1036 855 Ro-

18 893 102 936 mam
121 877 266 936 conditam
282 893 357 936 auno
377 873 660 955 quadringentesimo
679 880 916 957 quinquagesimo
935 883 1036 956 duarto

21 959 197 1032 adducente
219 960 249 1021 P.
274 959 377 1020 'litiuio
401 959 502 1037 lllena,
523 969 553 1020 ut
576 971 678 1022 auctor
699 972 744 1022 est
761 962 863 1043 Varro.
896 972 977 1022 antea
996 965 1035 1022 in-

22 1046 107 1105 tonsi
130 1043 225 1104 luere.
258 1046 366 1123 primus
388 1048 511 1105 omnium
534 1045 595 1106 radi
617 1046 722 1106 cotidie
745 1048 862 1106 instituit
884 1046 1055 1112 Africanus,

9 1147 178 1206 tscqucns,
195 1128 279 1189 diros
297 1128 445 1207 Augustus
462 1130 561 1190 cultris
577 1147 694 1208 semper
710 1149 778 1189 usus
795 1140 848 1190 est.

93 1213 145 1274 60.
161 1213 245 1293 (60.)
258 1212 373 1273 Tertius
383 1231 543 1273 consensus
557 1213 609 1274 luit
620 1217 648 1272 in
660 1215 794 1274 horarum
805 1214 1078 1282 observationetlt

24 1299 86 1357 iam
99 1297 167 1357 lruic
185 1299 287 1357 rationi
299 1298 444 1358 accedens
462 1297 575 1376 quando
592 1309 620 1358 et
633 1317 648 1358 a
660 1315 718 1377 quo
733 1300 761 1356 in
773 1295 894 1359 Graecia
906 1309 1035 1378 reperta,

26 1383 156 1442 diximus
168 1383 297 1442 secundo
309 1382 463 1441 volumino.
481 1382 673 1444 serius⁸etiam
691 1383 748 1443 hoo
760 1381 869 1442 Rornae
886 1385 1014 1461 contigit.
1024 1404 1078 1447 aas

26 1465 185 1526 duodecim
198 1465 303 1526 tabulis
316 1475 396 1526 ortus
405 1475 511 1525 tantum
524 1477 552 1526 et
564 1484 687 1527 occasus
703 1469 890 1542 nominantur,
904 1475 972 1546 post
984 1469 1034 1528 ali·

8 1559 104 1630 squot
120 1567 210 1610 annos
224 1551 353 1610 adiectus
370 1559 414 1610 cst
425 1559 454 1610 et
466 1550 612 1628 meridios,
625 1569 751 1612 accenso
763 1552 910 1611 consulum
924 1553 951 1612 id
967 1567 1033 1632 pro·

25 1635 195 1712 nuntiautc,
213 1654 277 1695 cum
295 1653 311 1694 a
330 1635 408 1695 curia
426 1637 501 1695 inter
515 1633 620 1696 Rostra
639 1645 667 1696 ct
682 1635 895 1696 Graecostasim
910 1651 1033 1715 prospca

25 1719 124 1780 risset
139 1719 242 1796 solem,
259 1737 275 1779 a
291 1720 422 1780 columna
437 1719 549 1780 llaeuia
566 1721 602 1780 ad
621 1737 769 1779 carcerem
785 1720 920 1780 inclinato
937 1721 1034 1781 sidere

27 1821 194 1882 supremam
207 1803 415 1882 pronuntiavit,
434 1805 487 1863 sed
499 1802 556 1864 hoo
570 1805 683 1864 serenis
694 1813 799 1864 tantum
812 1803 924 1880 dicbus,
940 1821 1033 1882 usquc

27 1888 65 1947 ad
82 1890 203 1965 primum
217 1887 353 1948 Punicum
367 1887 485 1949 bollum.
512 1888 649 1968 prlnccps
661 1888 797 1948 Romanis
812 1888 947 1947 solarium
963 1888 1014 1948 lro·
1023 1898 1078 1952 213

7 1971 173 2050 orologium
182 1975 316 2032 statuisse
329 1981 394 2034 autc
407 1971 558 2033 duodecim
571 1991 660 2034 annos
673 1991 757 2052 quam
766 1991 828 2033 cum
838 1971 928 2046 Pyrro
941 1971 1032 2033 hella-

28 2064 88 2116 tum
112 2065 156 2114 est
178 2056 213 2115 ad
235 2057 336 2116 aedem
352 2055 461 2130 Quirini
478 2056 509 2116 L.
526 2057 657 2135 Papirius
674 2056 800 2133 Cursor,
818 2075 881 2116 cum
902 2073 969 2116 eam
983 2057 1032 2117 de

29 2139 141 2200 dicaret
162 2158 178 2198 a
204 2148 286 2217 patre
312 2157 364 2198 suo
382 2145 494 2217 uotam,
519 2159 535 2200 a
560 2139 651 2200 Fabio
670 2141 792 2200 Vestalc
809 2140 949 2218 proditur.
979 2141 1032 2200 sed

29 2242 126 2302 neque
152 2223 222 2284 iacti
247 2224 382 2302 horologi
407 2226 547 2284 rationem
572 2224 621 2283 vel
648 2225 789 2283 artillcem
815 2223 956 2298 significat
976 2241 1032 2283 nec

30 2309 105 2367 uudc
122 2307 287 2368 translatum
302 2309 339 2366 sit
353 2317 401 2366 aut
416 2307 491 2386 apud
505 2325 589 2386 quem
604 2309 742 2385 scriptum
758 2307 786 2366 id
801 2307 950 2365 invenerit.
975 2305 1012 2365 Μ.
1022 2317 1076 2370 214

7 2389 124 2450 tllarro
140 2391 258 2468 primum
276 2400 410 2452 statutum
425 2393 452 2450 iu
471 2391 590 2469 publico
610 2390 766 2450 secundum
782 2387 888 2448 llostra
905 2391 933 2449 in
950 2389 1030 2452 colu·

28 2493 92 2534 mua
108 2473 192 2534 tradit
207 2473 286 2533 bello
302 2474 409 2535 Punico
421 2475 513 2552 primo
530 2473 605 2534 all'.
624 2469 744 2534 Valerio
759 2472 884 2534 Messala
910 2475 1030 2534 consule

31 2555 130 2618 Catina
144 2561 268 2635 captain
280 2557 388 2634 Sicilia,
403 2559 582 2636 deportatum
593 2559 659 2620 iude
672 2567 739 2637 post
753 2571 827 2617 xxx
842 2573 932 2616 annos
947 2577 1031 2637 quam

29 2641 64 2702 de
76 2642 227 2720 Papiriano
240 2642 395 2720 horologio
408 2642 537 2718 traditur,
550 2659 624 2703 anno
637 2643 717 2703 urbis
730 2653 959 2703 cooouxxxxt.
976 2661 1031 2703 nec

29 2725 228 2804 congruebant
245 2726 280 2786 ad
296 2725 383 2786 luoras
406 2728 467 2786 eius
484 2727 585 2803 liniae,
604 2735 760 2806 paruerunt
780 2728 933 2786 tamensis
950 2729 1030 2787 annis

7 2811 236 2886 outrdeceutum,
257 2811 352 2872 donec
374 2810 409 2884 Q.
432 2809 556 2871 Marcius
578 2811 727 2890 Philippus
744 2811 791 2888 qui
809 2827 871 2870 cum
893 2809 923 2869 L.
940 2809 1030 2871 Paulo

29 2893 79 2954 luit
96 2911 202 2953 censor
225 2894 389 2973 diligentius
412 2895 570 2956 ordinatum
591 2897 670 2954 iuxta
691 2896 804 2974 posuit,
822 2894 909 2972 idque
929 2913 1029 2954 munus

30 2977 101 3036 inter
117 2980 250 3039 censoria
266 2997 357 3058 opera
373 2979 535 3057 gratissime
555 2988 704 3058 acceptum
722 2988 776 3038 est.
804 2980 953 3038 ctiamnum
967 2986 1073 3040 trs-215

29 3079 91 3121 meu
105 3062 204 3122 nubilo
216 3063 344 3126 incertae
358 3063 441 3124 fuera
453 3062 543 3124 horae
553 3081 646 3144 usquc
663 3063 699 3123 ad
714 3079 882 3143 proxumum
900 3063 1027 3122 lustrum.
1049 3131 1057 3140 ,

10 3175 12 3183 1
29 3154 94 3206 tunc
109 3149 206 3227 Scipio
224 3147 330 3209 Nasica
349 3147 464 3226 collega
480 3147 596 3208 Laenati
614 3149 722 3226 primus
738 3165 811 3226 aqua
828 3147 925 3207 divisit
941 3144 1029 3205 horas

7 3231 119 3309 ,lacque
134 3235 258 3294 noctium
274 3251 309 3293 ac
324 3233 444 3308 dicrum,
461 3231 547 3310 idque
565 3231 748 3309 horologium
764 3231 906 3291 subtecto
923 3228 1029 3290 dicavit

7 3319 8 3324 ’
30 3331 99 3374 anuo
115 3315 192 3375 urbis
205 3329 309 3378 Dxcv,
338 3317 443 3378 tamdiu
459 3315 570 3395 populo
585 3315 715 3375 Romano
731 3314 885 3375 indiscreta
900 3313 950 3373 lun
965 3313 1025 3374 luit.

31 3395 107 3460 lluuc
123 3409 303 3462 revertemur
317 3400 353 3462 ad
367 3401 479 3480 reliqua
498 3401 628 3462 animalia
643 3401 822 3478 primumque
837 3399 994 3458 terrestria.
