2462 3900
161 235 223 300 262
266 201 272 222 ¹
324 220 326 224 ’
510 243 820 294 o.ru1urssouun1

31 470 33 477 s
118 406 229 470 tadum
249 403 390 466 Homerus
411 399 545 481 prodidit.
580 399 662 460 durat
684 399 834 458 etiamnum
854 397 898 458 ris
918 398 946 456 in
969 393 1071 456 eadem
1087 403 1166 455 terra

159 490 262 568 generi
277 491 415 566 rigorque
432 485 603 560 indomitus,
626 485 734 562 quippe
757 500 820 542 curn
836 480 986 541 bluciauus
1002 489 1047 540 ter
1064 479 1166 540 consul

161 593 199 634 ex
221 576 255 634 iis
275 574 327 652 qui
344 571 509 650 nuperrime
536 566 693 648 prodidere
725 567 870 626 sextarios
895 565 1026 642 singulos
1052 565 1167 624 octonis

161 675 254 738 aquae
269 657 386 718 misceri
407 655 575 733 conpererit
592 669 734 732 praesens
754 653 783 709 in
803 668 840 711 eo
855 658 965 724 tractu,
987 665 1057 708 esse
1073 658 1169 708 autem

161 742 262 803 colore
274 742 396 818 nigrum,
415 739 577 812 odoratum,
594 744 738 796 vetustate
752 735 958 813 pinguescere.
982 741 1011 792 et
1023 732 1166 806 Pramnio,
1178 751 1191 790 s

161 826 323 905 quodidem
332 823 477 884 llomerus
489 819 665 894 celebravit,
685 821 854 878 etiamnunc
865 816 1061 878 bonosdurat.
1074 819 1166 876 nasci·

117 922 151 974 55
163 920 208 970 tur
225 907 366 984 Zmyrnae
387 908 509 983 regione
530 907 609 964 iuxta
632 903 782 964 delubrum
800 899 898 963 blatris
914 902 1008 962 deum.
1046 901 1080 961 ln
1100 901 1166 961 reli-

160 995 224 1073 quis
240 993 357 1052 claritas
372 990 475 1068 generi
489 1005 546 1049 non
561 989 614 1049 luit
629 988 732 1063 alloni,
755 1005 828 1047 anno
844 985 913 1061 luit,
937 985 1062 1045 omnium
1078 1003 1167 1062 gone·

159 1095 220 1137 rum
242 1075 378 1149 bonitati,
400 1071 430 1133 L.
448 1071 561 1152 Opimio
577 1073 709 1150 consule.
739 1089 801 1131 oum
819 1069 852 1130 (l.
872 1069 1023 1130 Gracchus
1036 1069 1169 1129 tribanus

82 1219 89 1236 ,
161 1155 276 1238 plebem
294 1155 483 1218 seditionibus
501 1158 612 1234 agitans
628 1158 833 1234 interemptos,
859 1173 894 1214 ea
915 1153 990 1216 caeli
1005 1157 1168 1232 temperies
1177 1174 1198 1213 ra

160 1243 288 1303 iulsit-
297 1251 444 1302 cocturam
454 1240 685 1301 vocant-solis
697 1258 790 1317 opere
799 1239 887 1299 natali
901 1239 979 1298 urbis
992 1250 1169 1302 Dcxxxm.

160 1328 319 1406 durantque
341 1325 433 1388 adhuc
456 1327 521 1385 vina
544 1325 676 1385 ducentis
697 1324 761 1384 iere
784 1326 880 1399 annis,
911 1325 967 1384 ianr
988 1323 1170 1400 inspeciem

159 1413 278 1473 redacta
293 1412 388 1472 mellis
410 1411 515 1489 asperi.
549 1410 655 1468 etenim
676 1408 750 1468 liaeo
772 1419 872 1468 natura
886 1408 960 1466 vinis
974 1407 1002 1464 in
1021 1416 1169 1467 vetustate
1196 1461 1201 1478 ,

159 1506 220 1572 est,
237 1514 293 1556 nec
308 1497 402 1575 potari
417 1513 470 1574 per
485 1511 517 1552 se
529 1502 636 1572 queant
650 1494 819 1570 pervincive
833 1509 924 1569 aqua,
941 1493 1078 1570 usquein
1093 1509 1169 1551 ama·

159 1581 310 1642 ritudinem
333 1579 412 1640 carie
438 1578 583 1638 indomita.
626 1576 678 1636 sed
702 1578 808 1635 ceteris
834 1577 907 1636 uinis
932 1574 1196 1637 commendandisu

116 1673 151 1728 st
161 1665 281 1724 minuma
298 1663 393 1740 aliqua
405 1664 528 1723 mixtura
542 1661 751 1721 medicamenta
768 1669 842 1720 sumt.
876 1661 954 1739 quod
969 1669 999 1718 ut
1016 1661 1082 1720 eius
1097 1669 1169 1720 tern-

159 1749 241 1826 poris
264 1747 463 1806 aestimatione
483 1747 513 1806 in
532 1745 660 1822 singulas
682 1745 836 1823 amphoras
852 1745 966 1804 centeni
987 1747 1095 1804 nummi
1111 1754 1168 1803 sta·

158 1839 288 1905 tuantur,
317 1847 355 1888 ex
377 1829 421 1889 his
443 1838 539 1889 tamen
561 1831 647 1888 usura
667 1829 855 1908 multiplicata
874 1829 1064 1904 semissibus,
1093 1847 1169 1906 quae

111 1908 131 1962 ἰ
160 1913 253 1973 civilis
265 1931 300 1972 ao
315 1911 428 1971 modion
439 1922 496 1988 est,
510 1913 537 1971 in
551 1909 602 1971 Gai
615 1909 749 1972 (laeseris
762 1911 925 1974 Germanioi
938 1912 977 1974 lili
990 1914 1166 1992 principatu,

159 1997 239 2057 annis
254 2008 322 2058 (tux
338 1995 466 2074 singulas
481 1997 581 2056 uncias
598 1997 655 2055 vini
669 1998 835 2058 constitisse
852 1998 942 2058 nobili
957 1997 1099 2074 exemplo
1115 1998 1196 2056 dost

159 2082 267 2140 ouimus
289 2080 455 2141 relerentes
483 2082 569 2139 vitam
589 2079 727 2160 Pomponi
748 2081 876 2142 Secundi
902 2083 977 2140 uatis
1003 2099 1167 2160 cenamque

160 2182 243 2246 quam
257 2165 379 2244 principi
395 2165 437 2225 illi
449 2165 536 2226 dedit.
559 2174 665 2224 tantum
682 2167 867 2243 pecuniarum
884 2167 1014 2226 detinent
1024 2167 1085 2225 vini
1097 2182 1167 2244 apo·

115 2256 149 2316 ot
161 2249 275 2322 thecae.
301 2248 365 2310 Nec
380 2248 436 2310 alia
455 2267 504 2309 res
519 2251 608 2309 maius
621 2249 825 2310 incrementum
841 2252 928 2310 sentit
944 2250 980 2310 ad
995 2251 1167 2310 vicesimum

158 2340 259 2395 annum
270 2335 399 2396 maiusve
413 2333 497 2394 abeo
513 2334 703 2411 dispendium,
719 2352 777 2393 non
787 2333 959 2412 proliciente
971 2335 1079 2412 pretio.
1100 2349 1165 2394 raro

158 2418 377 2498 quippeadbuc
394 2418 492 2493 fuere,
509 2435 565 2477 neo
581 2419 635 2476 nisi
653 2419 680 2476 in
694 2428 849 2496 nepotata,
870 2419 991 2495 singulis
1006 2421 1093 2478 testis
1116 2419 1196 2477 miss

158 2501 196 2560 lia
209 2497 361 2562 nummum.
383 2501 567 2562 Viennenses
583 2501 638 2562 soli
651 2504 746 2580 picata
758 2521 819 2578 sua,
836 2519 957 2580 quorum
970 2520 1084 2578 genera
1096 2501 1165 2562 dixi-

127 2603 149 2638 ιε
160 2600 239 2659 mus,
247 2586 345 2726 pluris
362 2593 542 2664 permutare,
564 2585 616 2646 sed
628 2587 702 2644 inter
718 2603 786 2645 seso
802 2605 900 2648 amore
913 2588 1024 2665 patrio,
1042 2587 1166 2648 credun·

157 2675 212 2726 tur.
235 2669 243 2725 i
266 2685 322 2746 que
338 2671 433 2730 vinum
442 2670 575 2748 frigidius
590 2669 711 2748 reliquis
724 2671 902 2731 existimatur
916 2673 944 2730 in
959 2670 1068 2746 frigido
1085 2679 1164 2748 potu.

115 2760 149 2814 58
218 2749 246 2810 5.
261 2751 322 2830 (7.)
331 2752 405 2811 Vino
417 2765 517 2814 natura
530 2762 574 2812 est
583 2750 686 2813 hausto
697 2754 875 2815 accendendi
884 2755 984 2815 calore
995 2755 1117 2815 viscera
1126 2757 1165 2814 in-

65 2877 66 2882 1
158 2845 214 2912 tus,
226 2835 298 2895 ioris
309 2836 404 2896 infuso
416 2838 618 2914 refrigerandi.
642 2855 697 2898 nec
710 2837 833 2898 alienum
845 2839 933 2898 fuerit
944 2855 1167 2898 conmemorare
1175 2849 1196 2892 aa

157 2919 215 2981 hoo
232 2921 260 2980 in
271 2920 338 2980 loco
349 2921 428 2998 quod
440 2921 635 2996 Androcydes
647 2923 787 3000 sapientia
804 2923 899 2984 clarus
917 2922 953 2982 ad
966 2921 1168 2982 Alexandrum

156 3001 291 3082 Magnum
305 3005 432 3084 scripsit,
448 3007 695 3084 intemperantiam
707 3008 771 3066 eius
790 3005 945 3066 cohibens:
962 3004 1094 3066 Vinum
1110 3023 1167 3085 po·

155 3095 276 3163 turus,
293 3097 562 3166 rex,memento
584 3089 713 3150 bibere
736 3101 771 3150 te
794 3091 1010 3168 sanguinem
1028 3099 1168 3150 terrae.

157 3174 281 3233 cicuta
299 3173 454 3258 bominis
471 3189 653 3233 venenum
675 3183 750 3250 est,
774 3177 924 3236 cicutae
947 3175 1076 3233 vinum.
1107 3175 1168 3253 qui·
1201 3225 1214 3262 4

86 3298 92 3307 ,
156 3255 210 3316 bus
233 3257 400 3335 praeceptis
422 3256 474 3316 ille
496 3259 520 3316 si
540 3257 820 3337 obtemperavisset,
845 3259 980 3338 proiecto
1001 3261 1117 3319 amicos
1140 3261 1199 3318 ints

155 3339 321 3400 temulentia
337 3358 394 3400 non
407 3342 618 3418 interemisset,
633 3357 752 3421 prorsus
769 3353 799 3402 ut
812 3344 873 3403 iure
885 3343 943 3403 dici
959 3344 1168 3422 possitneque

156 3421 264 3562 viribup
278 3425 410 3566 corporis
424 3425 519 3486 utilius
531 3425 621 3494 aliud;
639 3444 734 3505 neque
746 3426 944 3506 voluptatibus
956 3428 1167 3505 perniciosius,

157 3509 398 3567 nmmum
