<?xml version="1.0" encoding="UTF-8"?>
<!DOCTYPE html PUBLIC "-//W3C//DTD XHTML 1.0 Transitional//EN"
    "http://www.w3.org/TR/xhtml1/DTD/xhtml1-transitional.dtd">
<html xmlns="http://www.w3.org/1999/xhtml" xml:lang="en" lang="en">
 <head>
  <title>
</title>
<meta http-equiv="Content-Type" content="text/html;charset=utf-8" />
  <meta name='ocr-system' content='tesseract 3.04.00' />
  <meta name='ocr-capabilities' content='ocr_page ocr_carea ocr_par ocr_line ocrx_word'/>
</head>
<body>
  <div class='ocr_page' id='page_1' title='image "./cplinisecundina12plingoog_0096.png"; bbox 0 0 2444 3908; ppageno 0'>
   <div class='ocr_carea' id='block_1_1' title="bbox 189 206 1048 288">
    <p class='ocr_par' dir='ltr' id='par_1_1' title="bbox 189 206 1048 288">
     <span class='ocr_line' id='line_1_1' title="bbox 189 206 1048 288; baseline 0.006 -21"><span class='ocrx_word' id='word_1_1' title='bbox 189 219 192 224; x_wconf 84' lang='lat'>·</span> <span class='ocrx_word' id='word_1_2' title='bbox 250 206 840 288; x_wconf 68' lang='lat' dir='ltr'><strong>nnn.nrsn.vnn.16-lt.(19—al.)</strong></span> <span class='ocrx_word' id='word_1_3' title='bbox 1009 211 1048 273; x_wconf 80' lang='lat'><strong>53</strong></span> 
     </span>
    </p>
   </div>
   <div class='ocr_carea' id='block_1_2' title="bbox 10 372 1144 1461">
    <p class='ocr_par' dir='ltr' id='par_1_2' title="bbox 10 372 1144 1461">
     <span class='ocr_line' id='line_1_2' title="bbox 10 372 1092 457; baseline 0.007 -26"><span class='ocrx_word' id='word_1_4' title='bbox 10 372 189 434; x_wconf 66' lang='lat' dir='ltr'><strong>cessisset</strong></span> <span class='ocrx_word' id='word_1_5' title='bbox 206 375 291 431; x_wconf 91' lang='lat' dir='ltr'><strong>etiam</strong></span> <span class='ocrx_word' id='word_1_6' title='bbox 307 373 418 434; x_wconf 85' lang='lat' dir='ltr'><strong>lenitas.</strong></span> <span class='ocrx_word' id='word_1_7' title='bbox 445 374 514 432; x_wconf 90' lang='lat' dir='ltr'><strong>Sunt</strong></span> <span class='ocrx_word' id='word_1_8' title='bbox 525 389 597 432; x_wconf 80' lang='lat' dir='ltr'><strong>vero</strong></span> <span class='ocrx_word' id='word_1_9' title='bbox 614 382 642 432; x_wconf 92' lang='lat' dir='ltr'><strong>et</strong></span> <span class='ocrx_word' id='word_1_10' title='bbox 657 374 789 434; x_wconf 79' lang='lat' dir='ltr'><strong>fortunae</strong></span> <span class='ocrx_word' id='word_1_11' title='bbox 811 392 911 436; x_wconf 88' lang='lat' dir='ltr'><strong>eornm</strong></span> <span class='ocrx_word' id='word_1_12' title='bbox 929 387 1047 457; x_wconf 81' lang='lat' dir='ltr'><strong>qunque</strong></span> <span class='ocrx_word' id='word_1_13' title='bbox 1058 389 1092 444; x_wconf 77' lang='lat'><strong>56</strong></span> 
     </span>
     <span class='ocr_line' id='line_1_3' title="bbox 13 453 1049 536; baseline 0.003 -18"><span class='ocrx_word' id='word_1_14' title='bbox 13 457 220 518; x_wconf 81' lang='lat' dir='ltr'><strong>clementiae</strong></span> <span class='ocrx_word' id='word_1_15' title='bbox 237 458 387 536; x_wconf 83' lang='lat' dir='ltr'><strong>exempla:</strong></span> <span class='ocrx_word' id='word_1_16' title='bbox 409 453 522 517; x_wconf 82' lang='lat' dir='ltr'><strong>llantur</strong></span> <span class='ocrx_word' id='word_1_17' title='bbox 537 459 736 532; x_wconf 74' lang='lat' dir='ltr'><strong>Syracusanus</strong></span> <span class='ocrx_word' id='word_1_18' title='bbox 751 461 779 516; x_wconf 94' lang='lat' dir='ltr'><strong>in</strong></span> <span class='ocrx_word' id='word_1_19' title='bbox 793 460 878 534; x_wconf 70' lang='lat' dir='ltr'><strong>Syria</strong></span> <span class='ocrx_word' id='word_1_20' title='bbox 895 461 983 520; x_wconf 87' lang='lat' dir='ltr'><strong>lecnc</strong></span> <span class='ocrx_word' id='word_1_21' title='bbox 998 463 1049 522; x_wconf 93' lang='lat' dir='ltr'><strong>ob-</strong></span> 
     </span>
     <span class='ocr_line' id='line_1_4' title="bbox 11 541 1050 621; baseline 0.005 -21"><span class='ocrx_word' id='word_1_22' title='bbox 11 543 93 600; x_wconf 77' lang='lat' dir='ltr'><strong>vio</strong></span> <span class='ocrx_word' id='word_1_23' title='bbox 119 541 293 619; x_wconf 80' lang='lat' dir='ltr'><strong>suppliciter</strong></span> <span class='ocrx_word' id='word_1_24' title='bbox 320 541 470 601; x_wconf 87' lang='lat' dir='ltr'><strong>volutante</strong></span> <span class='ocrx_word' id='word_1_25' title='bbox 493 545 628 601; x_wconf 86' lang='lat' dir='ltr'><strong>attonitus</strong></span> <span class='ocrx_word' id='word_1_26' title='bbox 651 559 777 620; x_wconf 88' lang='lat' dir='ltr'><strong>pavore,</strong></span> <span class='ocrx_word' id='word_1_27' title='bbox 801 561 867 602; x_wconf 84' lang='lat' dir='ltr'><strong>cum</strong></span> <span class='ocrx_word' id='word_1_28' title='bbox 894 545 1050 621; x_wconf 79' lang='lat' dir='ltr'><strong>refugienti</strong></span> 
     </span>
     <span class='ocr_line' id='line_1_5' title="bbox 12 625 1049 704; baseline 0.002 -18"><span class='ocrx_word' id='word_1_29' title='bbox 12 625 174 704; x_wconf 84' lang='lat' dir='ltr'><strong>undique</strong></span> <span class='ocrx_word' id='word_1_30' title='bbox 197 625 260 684; x_wconf 87' lang='lat' dir='ltr'><strong>iera</strong></span> <span class='ocrx_word' id='word_1_31' title='bbox 282 635 446 704; x_wconf 89' lang='lat' dir='ltr'><strong>opponeret</strong></span> <span class='ocrx_word' id='word_1_32' title='bbox 472 633 539 685; x_wconf 87' lang='lat' dir='ltr'><strong>sese</strong></span> <span class='ocrx_word' id='word_1_33' title='bbox 565 635 595 685; x_wconf 91' lang='lat' dir='ltr'><strong>et</strong></span> <span class='ocrx_word' id='word_1_34' title='bbox 618 627 743 702; x_wconf 83' lang='lat' dir='ltr'><strong>vestigia</strong></span> <span class='ocrx_word' id='word_1_35' title='bbox 763 627 904 687; x_wconf 88' lang='lat' dir='ltr'><strong>lamberet</strong></span> <span class='ocrx_word' id='word_1_36' title='bbox 924 629 1049 689; x_wconf 78' lang='lat' dir='ltr'><strong>adulanti</strong></span> 
     </span>
     <span class='ocr_line' id='line_1_6' title="bbox 13 710 1048 790; baseline 0.003 -21"><span class='ocrx_word' id='word_1_37' title='bbox 13 710 165 785; x_wconf 87' lang='lat' dir='ltr'><strong>similis,</strong></span> <span class='ocrx_word' id='word_1_38' title='bbox 185 711 383 780; x_wconf 83' lang='lat' dir='ltr'><strong>animadvertit</strong></span> <span class='ocrx_word' id='word_1_39' title='bbox 404 713 432 770; x_wconf 91' lang='lat' dir='ltr'><strong>in</strong></span> <span class='ocrx_word' id='word_1_40' title='bbox 446 710 524 789; x_wconf 91' lang='lat' dir='ltr'><strong>pede</strong></span> <span class='ocrx_word' id='word_1_41' title='bbox 545 712 607 769; x_wconf 91' lang='lat' dir='ltr'><strong>eius</strong></span> <span class='ocrx_word' id='word_1_42' title='bbox 622 720 770 769; x_wconf 86' lang='lat' dir='ltr'><strong>tumorem</strong></span> <span class='ocrx_word' id='word_1_43' title='bbox 789 711 961 790; x_wconf 73' lang='lat' dir='ltr'><strong>volnusque.</strong></span> <span class='ocrx_word' id='word_1_44' title='bbox 999 731 1048 772; x_wconf 89' lang='lat' dir='ltr'><strong>ex·</strong></span> 
     </span>
     <span class='ocr_line' id='line_1_7' title="bbox 11 794 1047 874; baseline 0 -20"><span class='ocrx_word' id='word_1_45' title='bbox 11 803 140 854; x_wconf 77' lang='lat' dir='ltr'><strong>tracto</strong></span> <span class='ocrx_word' id='word_1_46' title='bbox 157 794 274 853; x_wconf 85' lang='lat' dir='ltr'><strong>surculo</strong></span> <span class='ocrx_word' id='word_1_47' title='bbox 291 794 424 854; x_wconf 87' lang='lat' dir='ltr'><strong>liberavit</strong></span> <span class='ocrx_word' id='word_1_48' title='bbox 448 795 585 854; x_wconf 90' lang='lat' dir='ltr'><strong>cruciatu.</strong></span> <span class='ocrx_word' id='word_1_49' title='bbox 616 797 729 874; x_wconf 89' lang='lat' dir='ltr'><strong>pictura</strong></span> <span class='ocrx_word' id='word_1_50' title='bbox 746 813 843 854; x_wconf 89' lang='lat' dir='ltr'><strong>casum</strong></span> <span class='ocrx_word' id='word_1_51' title='bbox 865 795 940 854; x_wconf 88' lang='lat' dir='ltr'><strong>hunc</strong></span> <span class='ocrx_word' id='word_1_52' title='bbox 961 804 1047 855; x_wconf 89' lang='lat' dir='ltr'><strong>testa·</strong></span> 
     </span>
     <span class='ocr_line' id='line_1_8' title="bbox 15 876 1144 956; baseline 0.001 -19"><span class='ocrx_word' id='word_1_53' title='bbox 15 889 86 938; x_wconf 79' lang='lat' dir='ltr'><strong>tur</strong></span> <span class='ocrx_word' id='word_1_54' title='bbox 104 877 269 953; x_wconf 75' lang='lat' dir='ltr'><strong>Syracusis.</strong></span> <span class='ocrx_word' id='word_1_55' title='bbox 300 879 392 952; x_wconf 79' lang='lat' dir='ltr'><strong>Simili</strong></span> <span class='ocrx_word' id='word_1_56' title='bbox 413 878 499 938; x_wconf 88' lang='lat' dir='ltr'><strong>modo</strong></span> <span class='ocrx_word' id='word_1_57' title='bbox 516 876 599 956; x_wconf 80' lang='lat' dir='ltr'><strong>Elpis</strong></span> <span class='ocrx_word' id='word_1_58' title='bbox 616 880 728 938; x_wconf 89' lang='lat' dir='ltr'><strong>Samius</strong></span> <span class='ocrx_word' id='word_1_59' title='bbox 743 881 858 938; x_wconf 90' lang='lat' dir='ltr'><strong>natione</strong></span> <span class='ocrx_word' id='word_1_60' title='bbox 877 882 906 938; x_wconf 90' lang='lat' dir='ltr'><strong>in</strong></span> <span class='ocrx_word' id='word_1_61' title='bbox 921 877 1089 951; x_wconf 62' lang='lat' dir='ltr'><strong>Africanus?</strong></span> <span class='ocrx_word' id='word_1_62' title='bbox 1138 921 1144 933; x_wconf 80' lang='grc'><strong>.</strong></span> 
     </span>
     <span class='ocr_line' id='line_1_9' title="bbox 18 963 1047 1040; baseline -0.002 -16"><span class='ocrx_word' id='word_1_63' title='bbox 18 963 160 1024; x_wconf 87' lang='lat' dir='ltr'><strong>delatus</strong></span> <span class='ocrx_word' id='word_1_64' title='bbox 178 965 251 1022; x_wconf 88' lang='lat' dir='ltr'><strong>nave</strong></span> <span class='ocrx_word' id='word_1_65' title='bbox 272 965 351 1023; x_wconf 87' lang='lat' dir='ltr'><strong>iuxta</strong></span> <span class='ocrx_word' id='word_1_66' title='bbox 367 963 434 1022; x_wconf 87' lang='lat' dir='ltr'><strong>litus</strong></span> <span class='ocrx_word' id='word_1_67' title='bbox 457 971 617 1040; x_wconf 89' lang='lat' dir='ltr'><strong>conspecto</strong></span> <span class='ocrx_word' id='word_1_68' title='bbox 641 963 728 1022; x_wconf 88' lang='lat' dir='ltr'><strong>leone</strong></span> <span class='ocrx_word' id='word_1_69' title='bbox 750 963 828 1024; x_wconf 87' lang='lat' dir='ltr'><strong>hiato</strong></span> <span class='ocrx_word' id='word_1_70' title='bbox 843 965 946 1024; x_wconf 86' lang='lat' dir='ltr'><strong>minaci</strong></span> <span class='ocrx_word' id='word_1_71' title='bbox 963 963 1047 1022; x_wconf 89' lang='lat' dir='ltr'><strong>arho-</strong></span> 
     </span>
     <span class='ocr_line' id='line_1_10' title="bbox 16 1045 1047 1126; baseline -0.001 -19"><span class='ocrx_word' id='word_1_72' title='bbox 16 1065 104 1107; x_wconf 76' lang='lat' dir='ltr'><strong>rem</strong></span> <span class='ocrx_word' id='word_1_73' title='bbox 121 1047 152 1104; x_wconf 92' lang='lat' dir='ltr'><strong>in</strong></span> <span class='ocrx_word' id='word_1_74' title='bbox 167 1045 235 1124; x_wconf 87' lang='lat' dir='ltr'><strong>luga</strong></span> <span class='ocrx_word' id='word_1_75' title='bbox 253 1049 324 1126; x_wconf 88' lang='lat' dir='ltr'><strong>petit</strong></span> <span class='ocrx_word' id='word_1_76' title='bbox 339 1047 444 1107; x_wconf 87' lang='lat' dir='ltr'><strong>hibero</strong></span> <span class='ocrx_word' id='word_1_77' title='bbox 461 1057 543 1126; x_wconf 88' lang='lat' dir='ltr'><strong>patre</strong></span> <span class='ocrx_word' id='word_1_78' title='bbox 559 1048 706 1122; x_wconf 87' lang='lat' dir='ltr'><strong>invocato,</strong></span> <span class='ocrx_word' id='word_1_79' title='bbox 731 1049 865 1125; x_wconf 88' lang='lat' dir='ltr'><strong>quoniam</strong></span> <span class='ocrx_word' id='word_1_80' title='bbox 890 1057 947 1108; x_wconf 78' lang='lat' dir='ltr'><strong>urm</strong></span> <span class='ocrx_word' id='word_1_81' title='bbox 964 1065 1047 1125; x_wconf 89' lang='lat' dir='ltr'><strong>prae·</strong></span> 
     </span>
     <span class='ocr_line' id='line_1_11' title="bbox 21 1130 1048 1210; baseline -0.002 -18"><span class='ocrx_word' id='word_1_82' title='bbox 21 1134 150 1209; x_wconf 82' lang='lat' dir='ltr'><strong>cipuus</strong></span> <span class='ocrx_word' id='word_1_83' title='bbox 167 1139 300 1189; x_wconf 83' lang='lat' dir='ltr'><strong>votorum</strong></span> <span class='ocrx_word' id='word_1_84' title='bbox 316 1132 400 1191; x_wconf 90' lang='lat' dir='ltr'><strong>locus</strong></span> <span class='ocrx_word' id='word_1_85' title='bbox 416 1141 476 1206; x_wconf 88' lang='lat' dir='ltr'><strong>est,</strong></span> <span class='ocrx_word' id='word_1_86' title='bbox 502 1149 565 1190; x_wconf 81' lang='lat' dir='ltr'><strong>eum</strong></span> <span class='ocrx_word' id='word_1_87' title='bbox 588 1133 654 1210; x_wconf 91' lang='lat' dir='ltr'><strong>spei</strong></span> <span class='ocrx_word' id='word_1_88' title='bbox 667 1130 761 1190; x_wconf 90' lang='lat' dir='ltr'><strong>nullus</strong></span> <span class='ocrx_word' id='word_1_89' title='bbox 783 1141 836 1190; x_wconf 85' lang='lat' dir='ltr'><strong>est.</strong></span> <span class='ocrx_word' id='word_1_90' title='bbox 868 1149 965 1210; x_wconf 90' lang='lat' dir='ltr'><strong>neque</strong></span> <span class='ocrx_word' id='word_1_91' title='bbox 981 1149 1048 1210; x_wconf 94' lang='lat' dir='ltr'><strong>pro·</strong></span> 
     </span>
     <span class='ocr_line' id='line_1_12' title="bbox 22 1215 1107 1294; baseline 0.001 -18"><span class='ocrx_word' id='word_1_92' title='bbox 22 1215 185 1292; x_wconf 78' lang='lat' dir='ltr'><strong>fugienti,</strong></span> <span class='ocrx_word' id='word_1_93' title='bbox 203 1233 266 1274; x_wconf 88' lang='lat' dir='ltr'><strong>cum</strong></span> <span class='ocrx_word' id='word_1_94' title='bbox 284 1218 444 1294; x_wconf 84' lang='lat' dir='ltr'><strong>potuisset,</strong></span> <span class='ocrx_word' id='word_1_95' title='bbox 474 1215 538 1274; x_wconf 85' lang='lat' dir='ltr'><strong>fera</strong></span> <span class='ocrx_word' id='word_1_96' title='bbox 559 1217 716 1289; x_wconf 79' lang='lat' dir='ltr'><strong>institerat,</strong></span> <span class='ocrx_word' id='word_1_97' title='bbox 745 1225 775 1274; x_wconf 90' lang='lat' dir='ltr'><strong>et</strong></span> <span class='ocrx_word' id='word_1_98' title='bbox 793 1215 990 1294; x_wconf 78' lang='lat' dir='ltr'><strong>procumbens</strong></span> <span class='ocrx_word' id='word_1_99' title='bbox 1012 1216 1049 1276; x_wconf 88' lang='lat' dir='ltr'><strong>ad</strong></span> <span class='ocrx_word' id='word_1_100' title='bbox 1105 1271 1107 1276; x_wconf 93' lang='lat'><em>.</em></span> 
     </span>
     <span class='ocr_line' id='line_1_13' title="bbox 26 1297 1048 1379; baseline -0.001 -19"><span class='ocrx_word' id='word_1_101' title='bbox 26 1299 182 1360; x_wconf 84' lang='lat' dir='ltr'><strong>arborem</strong></span> <span class='ocrx_word' id='word_1_102' title='bbox 207 1297 284 1358; x_wconf 89' lang='lat' dir='ltr'><strong>hiatu</strong></span> <span class='ocrx_word' id='word_1_103' title='bbox 311 1318 368 1379; x_wconf 93' lang='lat' dir='ltr'><strong>quo</strong></span> <span class='ocrx_word' id='word_1_104' title='bbox 394 1307 537 1359; x_wconf 87' lang='lat' dir='ltr'><strong>terruerat</strong></span> <span class='ocrx_word' id='word_1_105' title='bbox 568 1301 780 1359; x_wconf 82' lang='lat' dir='ltr'><strong>miserationem</strong></span> <span class='ocrx_word' id='word_1_106' title='bbox 806 1299 974 1378; x_wconf 76' lang='lat' dir='ltr'><strong>quaerebat.</strong></span> <span class='ocrx_word' id='word_1_107' title='bbox 1013 1317 1048 1359; x_wconf 82' lang='lat' dir='ltr'><strong>cs</strong></span> 
     </span>
     <span class='ocr_line' id='line_1_14' title="bbox 26 1383 1080 1461; baseline -0.002 -17"><span class='ocrx_word' id='word_1_108' title='bbox 26 1401 144 1444; x_wconf 86' lang='lat' dir='ltr'><strong>morsu</strong></span> <span class='ocrx_word' id='word_1_109' title='bbox 167 1383 296 1445; x_wconf 86' lang='lat' dir='ltr'><strong>avidiore</strong></span> <span class='ocrx_word' id='word_1_110' title='bbox 314 1385 480 1444; x_wconf 86' lang='lat' dir='ltr'><strong>inhaeserat</strong></span> <span class='ocrx_word' id='word_1_111' title='bbox 495 1383 628 1443; x_wconf 89' lang='lat' dir='ltr'><strong>dentibus</strong></span> <span class='ocrx_word' id='word_1_112' title='bbox 648 1384 852 1461; x_wconf 82' lang='lat' dir='ltr'><strong>cruciabatque</strong></span> <span class='ocrx_word' id='word_1_113' title='bbox 868 1383 974 1458; x_wconf 90' lang='lat' dir='ltr'><strong>inedia,</strong></span> <span class='ocrx_word' id='word_1_114' title='bbox 990 1392 1049 1442; x_wconf 84' lang='lat' dir='ltr'><strong>tana</strong></span> <span class='ocrx_word' id='word_1_115' title='bbox 1078 1450 1080 1456; x_wconf 51' lang='grc'><strong>,</strong></span> 
     </span>
    </p>
   </div>
   <div class='ocr_carea' id='block_1_3' title="bbox 9 1467 1147 1967">
    <p class='ocr_par' dir='ltr' id='par_1_3' title="bbox 9 1467 1147 1967">
     <span class='ocr_line' id='line_1_15' title="bbox 29 1467 1147 1548; baseline -0.004 -21"><span class='ocrx_word' id='word_1_116' title='bbox 29 1485 142 1548; x_wconf 90' lang='lat' dir='ltr'><strong>poena</strong></span> <span class='ocrx_word' id='word_1_117' title='bbox 158 1467 186 1525; x_wconf 92' lang='lat' dir='ltr'><strong>in</strong></span> <span class='ocrx_word' id='word_1_118' title='bbox 205 1469 276 1544; x_wconf 86' lang='lat' dir='ltr'><strong>ipsis</strong></span> <span class='ocrx_word' id='word_1_119' title='bbox 295 1469 357 1527; x_wconf 88' lang='lat' dir='ltr'><strong>eins</strong></span> <span class='ocrx_word' id='word_1_120' title='bbox 373 1468 452 1543; x_wconf 89' lang='lat' dir='ltr'><strong>telis,</strong></span> <span class='ocrx_word' id='word_1_121' title='bbox 474 1476 689 1547; x_wconf 80' lang='lat' dir='ltr'><strong>suspectantem</strong></span> <span class='ocrx_word' id='word_1_122' title='bbox 704 1485 738 1526; x_wconf 82' lang='lat' dir='ltr'><strong>ac</strong></span> <span class='ocrx_word' id='word_1_123' title='bbox 753 1469 833 1528; x_wconf 85' lang='lat' dir='ltr'><strong>velut</strong></span> <span class='ocrx_word' id='word_1_124' title='bbox 853 1469 937 1527; x_wconf 83' lang='lat' dir='ltr'><strong>mutis</strong></span> <span class='ocrx_word' id='word_1_125' title='bbox 953 1469 1047 1544; x_wconf 87' lang='lat' dir='ltr'><strong>preci·</strong></span> <span class='ocrx_word' id='word_1_126' title='bbox 1127 1490 1147 1522; x_wconf 61' lang='lat' dir='ltr'><strong>s</strong></span> 
     </span>
     <span class='ocr_line' id='line_1_16' title="bbox 9 1549 1047 1626; baseline 0 -18"><span class='ocrx_word' id='word_1_127' title='bbox 9 1555 96 1612; x_wconf 67' lang='lat' dir='ltr'><strong>abus</strong></span> <span class='ocrx_word' id='word_1_128' title='bbox 124 1560 264 1610; x_wconf 89' lang='lat' dir='ltr'><strong>orantem.</strong></span> <span class='ocrx_word' id='word_1_129' title='bbox 310 1552 376 1612; x_wconf 89' lang='lat' dir='ltr'><strong>dnm</strong></span> <span class='ocrx_word' id='word_1_130' title='bbox 391 1552 509 1612; x_wconf 86' lang='lat' dir='ltr'><strong>lortuitu</strong></span> <span class='ocrx_word' id='word_1_131' title='bbox 525 1549 559 1585; x_wconf 83' lang='lat'><strong>**</strong></span> <span class='ocrx_word' id='word_1_132' title='bbox 582 1552 673 1611; x_wconf 84' lang='lat' dir='ltr'><strong>fidens</strong></span> <span class='ocrx_word' id='word_1_133' title='bbox 688 1569 745 1610; x_wconf 93' lang='lat' dir='ltr'><strong>non</strong></span> <span class='ocrx_word' id='word_1_134' title='bbox 767 1561 812 1611; x_wconf 92' lang='lat' dir='ltr'><strong>est</strong></span> <span class='ocrx_word' id='word_1_135' title='bbox 828 1561 927 1612; x_wconf 86' lang='lat' dir='ltr'><strong>eontra</strong></span> <span class='ocrx_word' id='word_1_136' title='bbox 945 1552 1047 1626; x_wconf 74' lang='lat' dir='ltr'><strong>femin,</strong></span> 
     </span>
     <span class='ocr_line' id='line_1_17' title="bbox 30 1635 1091 1714; baseline -0.002 -18"><span class='ocrx_word' id='word_1_137' title='bbox 30 1636 194 1712; x_wconf 88' lang='lat' dir='ltr'><strong>multoque</strong></span> <span class='ocrx_word' id='word_1_138' title='bbox 210 1635 314 1694; x_wconf 90' lang='lat' dir='ltr'><strong>diutius</strong></span> <span class='ocrx_word' id='word_1_139' title='bbox 331 1637 469 1696; x_wconf 89' lang='lat' dir='ltr'><strong>miraculo</strong></span> <span class='ocrx_word' id='word_1_140' title='bbox 486 1653 571 1714; x_wconf 91' lang='lat' dir='ltr'><strong>quam</strong></span> <span class='ocrx_word' id='word_1_141' title='bbox 585 1645 661 1695; x_wconf 91' lang='lat' dir='ltr'><strong>metu</strong></span> <span class='ocrx_word' id='word_1_142' title='bbox 684 1645 828 1699; x_wconf 87' lang='lat' dir='ltr'><strong>cessatum</strong></span> <span class='ocrx_word' id='word_1_143' title='bbox 842 1646 896 1695; x_wconf 87' lang='lat' dir='ltr'><strong>est.</strong></span> <span class='ocrx_word' id='word_1_144' title='bbox 928 1635 1046 1712; x_wconf 83' lang='lat' dir='ltr'><strong>degree·</strong></span> <span class='ocrx_word' id='word_1_145' title='bbox 1057 1639 1091 1694; x_wconf 76' lang='grc'><strong>68</strong></span> 
     </span>
     <span class='ocr_line' id='line_1_18' title="bbox 33 1719 1049 1799; baseline -0.004 -17"><span class='ocrx_word' id='word_1_146' title='bbox 33 1727 91 1782; x_wconf 86' lang='lat' dir='ltr'><strong>sus</strong></span> <span class='ocrx_word' id='word_1_147' title='bbox 114 1719 231 1778; x_wconf 90' lang='lat' dir='ltr'><strong>tandem</strong></span> <span class='ocrx_word' id='word_1_148' title='bbox 254 1721 354 1780; x_wconf 80' lang='lat' dir='ltr'><strong>evellit</strong></span> <span class='ocrx_word' id='word_1_149' title='bbox 380 1720 531 1799; x_wconf 90' lang='lat' dir='ltr'><strong>praebenti</strong></span> <span class='ocrx_word' id='word_1_150' title='bbox 558 1729 587 1779; x_wconf 90' lang='lat' dir='ltr'><strong>et</strong></span> <span class='ocrx_word' id='word_1_151' title='bbox 607 1737 691 1799; x_wconf 89' lang='lat' dir='ltr'><strong>qoam</strong></span> <span class='ocrx_word' id='word_1_152' title='bbox 713 1739 845 1782; x_wconf 86' lang='lat' dir='ltr'><strong>maxume</strong></span> <span class='ocrx_word' id='word_1_153' title='bbox 868 1739 942 1798; x_wconf 90' lang='lat' dir='ltr'><strong>opus</strong></span> <span class='ocrx_word' id='word_1_154' title='bbox 969 1729 1049 1793; x_wconf 85' lang='lat' dir='ltr'><strong>esset</strong></span> 
     </span>
     <span class='ocr_line' id='line_1_19' title="bbox 33 1802 1048 1884; baseline -0.001 -21"><span class='ocrx_word' id='word_1_155' title='bbox 33 1802 285 1869; x_wconf 90' lang='lat' dir='ltr'><strong>adcommodanti.</strong></span> <span class='ocrx_word' id='word_1_156' title='bbox 323 1805 495 1884; x_wconf 89' lang='lat' dir='ltr'><strong>traduntque</strong></span> <span class='ocrx_word' id='word_1_157' title='bbox 516 1804 648 1884; x_wconf 91' lang='lat' dir='ltr'><strong>quamdiu</strong></span> <span class='ocrx_word' id='word_1_158' title='bbox 671 1807 752 1865; x_wconf 85' lang='lat' dir='ltr'><strong>navis</strong></span> <span class='ocrx_word' id='word_1_159' title='bbox 774 1823 809 1864; x_wconf 91' lang='lat' dir='ltr'><strong>ea</strong></span> <span class='ocrx_word' id='word_1_160' title='bbox 831 1807 859 1863; x_wconf 91' lang='lat' dir='ltr'><strong>in</strong></span> <span class='ocrx_word' id='word_1_161' title='bbox 882 1806 967 1864; x_wconf 89' lang='lat' dir='ltr'><strong>litore</strong></span> <span class='ocrx_word' id='word_1_162' title='bbox 990 1813 1048 1862; x_wconf 92' lang='lat' dir='ltr'><strong>ste·</strong></span> 
     </span>
     <span class='ocr_line' id='line_1_20' title="bbox 35 1883 1047 1967; baseline -0.004 -18"><span class='ocrx_word' id='word_1_163' title='bbox 35 1891 113 1949; x_wconf 89' lang='lat' dir='ltr'><strong>terit</strong></span> <span class='ocrx_word' id='word_1_164' title='bbox 128 1887 267 1947; x_wconf 89' lang='lat' dir='ltr'><strong>retulisse</strong></span> <span class='ocrx_word' id='word_1_165' title='bbox 284 1889 404 1965; x_wconf 84' lang='lat' dir='ltr'><strong>gratiam</strong></span> <span class='ocrx_word' id='word_1_166' title='bbox 420 1898 541 1962; x_wconf 82' lang='lat' dir='ltr'><strong>venatus</strong></span> <span class='ocrx_word' id='word_1_167' title='bbox 562 1889 740 1966; x_wconf 86' lang='lat' dir='ltr'><strong>adgerendo.</strong></span> <span class='ocrx_word' id='word_1_168' title='bbox 772 1890 879 1967; x_wconf 87' lang='lat' dir='ltr'><strong>quade</strong></span> <span class='ocrx_word' id='word_1_169' title='bbox 901 1905 988 1947; x_wconf 86' lang='lat' dir='ltr'><strong>causa</strong></span> <span class='ocrx_word' id='word_1_170' title='bbox 1003 1883 1047 1946; x_wconf 86' lang='lat' dir='ltr'><strong>Li·</strong></span> 
     </span>
    </p>
   </div>
   <div class='ocr_carea' id='block_1_4' title="bbox 9 1972 1159 3568">
    <p class='ocr_par' dir='ltr' id='par_1_4' title="bbox 9 1972 1159 2472">
     <span class='ocr_line' id='line_1_21' title="bbox 9 1972 1047 2053; baseline -0.004 -20"><span class='ocrx_word' id='word_1_171' title='bbox 9 1973 118 2034; x_wconf 89' lang='lat' dir='ltr'><strong>oberc</strong></span> <span class='ocrx_word' id='word_1_172' title='bbox 141 1973 216 2050; x_wconf 86' lang='lat' dir='ltr'><strong>patri</strong></span> <span class='ocrx_word' id='word_1_173' title='bbox 233 1973 372 2050; x_wconf 88' lang='lat' dir='ltr'><strong>templum</strong></span> <span class='ocrx_word' id='word_1_174' title='bbox 387 1976 415 2034; x_wconf 95' lang='lat' dir='ltr'><strong>in</strong></span> <span class='ocrx_word' id='word_1_175' title='bbox 429 1976 516 2034; x_wconf 90' lang='lat' dir='ltr'><strong>Samo</strong></span> <span class='ocrx_word' id='word_1_176' title='bbox 532 1973 614 2052; x_wconf 86' lang='lat' dir='ltr'><strong>Elpis</strong></span> <span class='ocrx_word' id='word_1_177' title='bbox 627 1977 762 2050; x_wconf 83' lang='lat' dir='ltr'><strong>sacrarit,</strong></span> <span class='ocrx_word' id='word_1_178' title='bbox 775 1973 854 2053; x_wconf 88' lang='lat' dir='ltr'><strong>quod</strong></span> <span class='ocrx_word' id='word_1_179' title='bbox 868 1973 903 2032; x_wconf 89' lang='lat' dir='ltr'><strong>ab</strong></span> <span class='ocrx_word' id='word_1_180' title='bbox 920 1989 956 2033; x_wconf 90' lang='lat' dir='ltr'><strong>eo</strong></span> <span class='ocrx_word' id='word_1_181' title='bbox 970 1972 1047 2032; x_wconf 88' lang='lat' dir='ltr'><strong>iacto</strong></span> 
     </span>
     <span class='ocr_line' id='line_1_22' title="bbox 36 2051 1048 2136; baseline -0.003 -18"><span class='ocrx_word' id='word_1_182' title='bbox 36 2057 153 2118; x_wconf 82' lang='lat' dir='ltr'><strong>Graeci</strong></span> <span class='ocrx_word' id='word_1_183' title='bbox 168 2051 344 2134; x_wconf 71' lang='grc' dir='ltr'><strong><em>κεχηνότος</em></strong></span> <span class='ocrx_word' id='word_1_184' title='bbox 356 2052 531 2119; x_wconf 82' lang='grc' dir='ltr'><em>Διονύσου</em></span> <span class='ocrx_word' id='word_1_185' title='bbox 550 2058 752 2136; x_wconf 84' lang='lat' dir='ltr'><strong>appellavere.</strong></span> <span class='ocrx_word' id='word_1_186' title='bbox 794 2057 930 2116; x_wconf 81' lang='lat' dir='ltr'><strong>Miremur</strong></span> <span class='ocrx_word' id='word_1_187' title='bbox 944 2064 1048 2136; x_wconf 78' lang='lat' dir='ltr'><strong>postea</strong></span> 
     </span>
     <span class='ocr_line' id='line_1_23' title="bbox 34 2139 1047 2219; baseline -0.001 -21"><span class='ocrx_word' id='word_1_188' title='bbox 34 2141 171 2217; x_wconf 87' lang='lat' dir='ltr'><strong>vestigia</strong></span> <span class='ocrx_word' id='word_1_189' title='bbox 187 2139 329 2202; x_wconf 87' lang='lat' dir='ltr'><strong>hominum</strong></span> <span class='ocrx_word' id='word_1_190' title='bbox 345 2143 476 2219; x_wconf 83' lang='lat' dir='ltr'><strong>intellegi</strong></span> <span class='ocrx_word' id='word_1_191' title='bbox 494 2160 509 2200; x_wconf 91' lang='lat' dir='ltr'><strong>a</strong></span> <span class='ocrx_word' id='word_1_192' title='bbox 524 2141 607 2215; x_wconf 83' lang='lat' dir='ltr'><strong>feris,</strong></span> <span class='ocrx_word' id='word_1_193' title='bbox 624 2160 687 2201; x_wconf 92' lang='lat' dir='ltr'><strong>cum</strong></span> <span class='ocrx_word' id='word_1_194' title='bbox 704 2144 789 2200; x_wconf 86' lang='lat' dir='ltr'><strong>etiarn</strong></span> <span class='ocrx_word' id='word_1_195' title='bbox 811 2142 916 2206; x_wconf 86' lang='lat' dir='ltr'><strong>auxilia</strong></span> <span class='ocrx_word' id='word_1_196' title='bbox 933 2141 968 2199; x_wconf 92' lang='lat' dir='ltr'><strong>ab</strong></span> <span class='ocrx_word' id='word_1_197' title='bbox 991 2156 1047 2198; x_wconf 91' lang='lat' dir='ltr'><strong>uno</strong></span> 
     </span>
     <span class='ocr_line' id='line_1_24' title="bbox 38 2224 1048 2304; baseline -0.005 -18"><span class='ocrx_word' id='word_1_198' title='bbox 38 2225 208 2286; x_wconf 81' lang='lat' dir='ltr'><strong>animalium</strong></span> <span class='ocrx_word' id='word_1_199' title='bbox 225 2225 364 2304; x_wconf 87' lang='lat' dir='ltr'><strong>sperent?</strong></span> <span class='ocrx_word' id='word_1_200' title='bbox 395 2246 445 2285; x_wconf 90' lang='lat' dir='ltr'><strong>cur</strong></span> <span class='ocrx_word' id='word_1_201' title='bbox 459 2227 535 2286; x_wconf 90' lang='lat' dir='ltr'><strong>enim</strong></span> <span class='ocrx_word' id='word_1_202' title='bbox 550 2242 606 2283; x_wconf 94' lang='lat' dir='ltr'><strong>non</strong></span> <span class='ocrx_word' id='word_1_203' title='bbox 623 2226 727 2284; x_wconf 88' lang='lat' dir='ltr'><strong>adalia</strong></span> <span class='ocrx_word' id='word_1_204' title='bbox 742 2226 815 2300; x_wconf 87' lang='lat' dir='ltr'><strong>iere,</strong></span> <span class='ocrx_word' id='word_1_205' title='bbox 833 2234 881 2283; x_wconf 89' lang='lat' dir='ltr'><strong>aot</strong></span> <span class='ocrx_word' id='word_1_206' title='bbox 898 2224 973 2282; x_wconf 89' lang='lat' dir='ltr'><strong>unde</strong></span> <span class='ocrx_word' id='word_1_207' title='bbox 989 2241 1048 2281; x_wconf 90' lang='lat' dir='ltr'><strong>me·</strong></span> 
     </span>
     <span class='ocr_line' id='line_1_25' title="bbox 40 2306 1159 2370; baseline -0.005 0"><span class='ocrx_word' id='word_1_208' title='bbox 40 2311 127 2370; x_wconf 86' lang='lat' dir='ltr'><strong>dieas</strong></span> <span class='ocrx_word' id='word_1_209' title='bbox 143 2327 242 2368; x_wconf 85' lang='lat' dir='ltr'><strong>menos</strong></span> <span class='ocrx_word' id='word_1_210' title='bbox 257 2311 379 2370; x_wconf 90' lang='lat' dir='ltr'><strong>hominis</strong></span> <span class='ocrx_word' id='word_1_211' title='bbox 396 2306 509 2370; x_wconf 81' lang='lat' dir='ltr'><strong>sciunt?</strong></span> <span class='ocrx_word' id='word_1_212' title='bbox 525 2311 579 2367; x_wconf 89' lang='lat' dir='ltr'><strong>nisi</strong></span> <span class='ocrx_word' id='word_1_213' title='bbox 595 2308 671 2368; x_wconf 82' lang='lat' dir='ltr'><strong>forte</strong></span> <span class='ocrx_word' id='word_1_214' title='bbox 686 2310 729 2368; x_wconf 88' lang='lat' dir='ltr'><strong>vis</strong></span> <span class='ocrx_word' id='word_1_215' title='bbox 744 2308 884 2368; x_wconf 86' lang='lat' dir='ltr'><strong>malorum</strong></span> <span class='ocrx_word' id='word_1_216' title='bbox 903 2308 988 2366; x_wconf 86' lang='lat' dir='ltr'><strong>etiarn</strong></span> <span class='ocrx_word' id='word_1_217' title='bbox 1006 2306 1049 2365; x_wconf 86' lang='lat' dir='ltr'><strong>le·</strong></span> <span class='ocrx_word' id='word_1_218' title='bbox 1157 2334 1159 2338; x_wconf 96' lang='lat'>·</span> 
     </span>
     <span class='ocr_line' id='line_1_26' title="bbox 9 2394 456 2472; baseline 0 -20"><span class='ocrx_word' id='word_1_219' title='bbox 9 2413 94 2459; x_wconf 70' lang='lat' dir='ltr'><strong>saras</strong></span> <span class='ocrx_word' id='word_1_220' title='bbox 111 2394 205 2452; x_wconf 91' lang='lat' dir='ltr'><strong>omnia</strong></span> <span class='ocrx_word' id='word_1_221' title='bbox 223 2395 351 2472; x_wconf 87' lang='lat' dir='ltr'><strong>experiri</strong></span> <span class='ocrx_word' id='word_1_222' title='bbox 368 2395 456 2471; x_wconf 86' lang='lat' dir='ltr'><strong>cogit.</strong></span> 
     </span>
    </p>

    <p class='ocr_par' dir='ltr' id='par_1_5' title="bbox 44 2473 1092 2810">
     <span class='ocr_line' id='line_1_27' title="bbox 112 2473 1092 2556; baseline 0 -20"><span class='ocrx_word' id='word_1_223' title='bbox 112 2479 160 2536; x_wconf 83' lang='lat'><strong>17.</strong></span> <span class='ocrx_word' id='word_1_224' title='bbox 185 2477 288 2556; x_wconf 77' lang='lat' dir='ltr'><strong>Aeque</strong></span> <span class='ocrx_word' id='word_1_225' title='bbox 307 2478 521 2538; x_wconf 90' lang='lat' dir='ltr'><strong>memorandum</strong></span> <span class='ocrx_word' id='word_1_226' title='bbox 548 2487 577 2536; x_wconf 92' lang='lat' dir='ltr'><strong>et</strong></span> <span class='ocrx_word' id='word_1_227' title='bbox 608 2477 645 2536; x_wconf 95' lang='lat' dir='ltr'><strong>de</strong></span> <span class='ocrx_word' id='word_1_228' title='bbox 665 2475 804 2554; x_wconf 83' lang='lat' dir='ltr'><strong>panthera</strong></span> <span class='ocrx_word' id='word_1_229' title='bbox 827 2476 913 2536; x_wconf 82' lang='lat' dir='ltr'><strong>tradit</strong></span> <span class='ocrx_word' id='word_1_230' title='bbox 939 2473 1092 2540; x_wconf 83' lang='lat' dir='ltr'><strong>Deme-59</strong></span> 
     </span>
     <span class='ocr_line' id='line_1_28' title="bbox 44 2560 1049 2640; baseline -0.003 -19"><span class='ocrx_word' id='word_1_231' title='bbox 44 2565 119 2622; x_wconf 85' lang='lat' dir='ltr'><strong>trias</strong></span> <span class='ocrx_word' id='word_1_232' title='bbox 144 2561 461 2640; x_wconf 74' lang='lat' dir='ltr'><strong>physicus,iacentem</strong></span> <span class='ocrx_word' id='word_1_233' title='bbox 484 2564 512 2621; x_wconf 91' lang='lat' dir='ltr'><strong>in</strong></span> <span class='ocrx_word' id='word_1_234' title='bbox 530 2561 623 2622; x_wconf 92' lang='lat' dir='ltr'><strong>media</strong></span> <span class='ocrx_word' id='word_1_235' title='bbox 642 2563 688 2620; x_wconf 82' lang='lat' dir='ltr'><strong>tia</strong></span> <span class='ocrx_word' id='word_1_236' title='bbox 704 2560 987 2620; x_wconf 76' lang='lat' dir='ltr'><strong>hominis&#39;desiderio</strong></span> <span class='ocrx_word' id='word_1_237' title='bbox 1003 2577 1049 2618; x_wconf 88' lang='lat' dir='ltr'><strong>re·</strong></span> 
     </span>
     <span class='ocr_line' id='line_1_29' title="bbox 45 2645 1049 2726; baseline -0.002 -22"><span class='ocrx_word' id='word_1_238' title='bbox 45 2655 135 2724; x_wconf 89' lang='lat' dir='ltr'><strong>pente</strong></span> <span class='ocrx_word' id='word_1_239' title='bbox 156 2647 325 2725; x_wconf 88' lang='lat' dir='ltr'><strong>adparuisse</strong></span> <span class='ocrx_word' id='word_1_240' title='bbox 347 2649 420 2726; x_wconf 89' lang='lat' dir='ltr'><strong>patri</strong></span> <span class='ocrx_word' id='word_1_241' title='bbox 437 2647 582 2718; x_wconf 86' lang='lat' dir='ltr'><strong>cuiusdam</strong></span> <span class='ocrx_word' id='word_1_242' title='bbox 603 2645 705 2706; x_wconf 80' lang='lat' dir='ltr'><strong>Philini</strong></span> <span class='ocrx_word' id='word_1_243' title='bbox 719 2645 912 2705; x_wconf 84' lang='lat' dir='ltr'><strong>adsectatoris</strong></span> <span class='ocrx_word' id='word_1_244' title='bbox 936 2645 1049 2722; x_wconf 91' lang='lat' dir='ltr'><strong>sapien-</strong></span> 
     </span>
     <span class='ocr_line' id='line_1_30' title="bbox 45 2729 1049 2810; baseline -0.004 -21"><span class='ocrx_word' id='word_1_245' title='bbox 45 2731 114 2789; x_wconf 89' lang='lat' dir='ltr'><strong>tiae.</strong></span> <span class='ocrx_word' id='word_1_246' title='bbox 149 2729 228 2789; x_wconf 91' lang='lat' dir='ltr'><strong>illum</strong></span> <span class='ocrx_word' id='word_1_247' title='bbox 245 2748 354 2808; x_wconf 89' lang='lat' dir='ltr'><strong>pavore</strong></span> <span class='ocrx_word' id='word_1_248' title='bbox 372 2733 510 2810; x_wconf 86' lang='lat' dir='ltr'><strong>coepisse</strong></span> <span class='ocrx_word' id='word_1_249' title='bbox 525 2732 653 2807; x_wconf 80' lang='lat' dir='ltr'><strong>regredi,</strong></span> <span class='ocrx_word' id='word_1_250' title='bbox 669 2740 764 2790; x_wconf 87' lang='lat' dir='ltr'><strong>tamen</strong></span> <span class='ocrx_word' id='word_1_251' title='bbox 783 2730 874 2789; x_wconf 87' lang='lat' dir='ltr'><strong>leram</strong></span> <span class='ocrx_word' id='word_1_252' title='bbox 891 2731 1049 2789; x_wconf 88' lang='lat' dir='ltr'><strong>circumvo-</strong></span> 
     </span>
    </p>

    <p class='ocr_par' dir='ltr' id='par_1_6' title="bbox 9 2813 1094 3229">
     <span class='ocr_line' id='line_1_31' title="bbox 9 2813 1050 2893; baseline -0.007 -17"><span class='ocrx_word' id='word_1_253' title='bbox 9 2815 132 2876; x_wconf 85' lang='lat' dir='ltr'><strong>eolutari</strong></span> <span class='ocrx_word' id='word_1_254' title='bbox 147 2831 204 2873; x_wconf 90' lang='lat' dir='ltr'><strong>non</strong></span> <span class='ocrx_word' id='word_1_255' title='bbox 218 2814 305 2874; x_wconf 92' lang='lat' dir='ltr'><strong>dubie</strong></span> <span class='ocrx_word' id='word_1_256' title='bbox 325 2815 519 2875; x_wconf 87' lang='lat' dir='ltr'><strong>blandientem</strong></span> <span class='ocrx_word' id='word_1_257' title='bbox 539 2833 665 2893; x_wconf 83' lang='lat' dir='ltr'><strong>seseque</strong></span> <span class='ocrx_word' id='word_1_258' title='bbox 690 2813 902 2873; x_wconf 69' lang='lat' dir='ltr'><strong>conflictantem</strong></span> <span class='ocrx_word' id='word_1_259' title='bbox 917 2829 1050 2872; x_wconf 87' lang='lat' dir='ltr'><strong>maerore</strong></span> 
     </span>
     <span class='ocr_line' id='line_1_32' title="bbox 47 2892 1049 2977; baseline -0.004 -21"><span class='ocrx_word' id='word_1_260' title='bbox 47 2899 96 2977; x_wconf 94' lang='lat' dir='ltr'><strong>qui</strong></span> <span class='ocrx_word' id='word_1_261' title='bbox 112 2900 198 2958; x_wconf 89' lang='lat' dir='ltr'><strong>etiam</strong></span> <span class='ocrx_word' id='word_1_262' title='bbox 212 2901 240 2958; x_wconf 93' lang='lat' dir='ltr'><strong>in</strong></span> <span class='ocrx_word' id='word_1_263' title='bbox 255 2901 395 2977; x_wconf 88' lang='lat' dir='ltr'><strong>panthera</strong></span> <span class='ocrx_word' id='word_1_264' title='bbox 413 2892 544 2976; x_wconf 90' lang='lat' dir='ltr'><strong>intellegi</strong></span> <span class='ocrx_word' id='word_1_265' title='bbox 562 2907 672 2976; x_wconf 86' lang='lat' dir='ltr'><strong>posset.</strong></span> <span class='ocrx_word' id='word_1_266' title='bbox 703 2897 764 2956; x_wconf 81' lang='lat' dir='ltr'><strong>ieta</strong></span> <span class='ocrx_word' id='word_1_267' title='bbox 786 2906 848 2958; x_wconf 88' lang='lat' dir='ltr'><strong>erat</strong></span> <span class='ocrx_word' id='word_1_268' title='bbox 864 2897 967 2957; x_wconf 85' lang='lat' dir='ltr'><strong>catulis</strong></span> <span class='ocrx_word' id='word_1_269' title='bbox 983 2912 1049 2972; x_wconf 93' lang='lat' dir='ltr'><strong>pro-</strong></span> 
     </span>
     <span class='ocr_line' id='line_1_33' title="bbox 48 2979 1094 3064; baseline 0 -22"><span class='ocrx_word' id='word_1_270' title='bbox 48 2983 96 3042; x_wconf 85' lang='lat' dir='ltr'><strong>cul</strong></span> <span class='ocrx_word' id='word_1_271' title='bbox 115 2985 145 3041; x_wconf 90' lang='lat' dir='ltr'><strong>in</strong></span> <span class='ocrx_word' id='word_1_272' title='bbox 166 2982 281 3042; x_wconf 81' lang='lat' dir='ltr'><strong>foveam</strong></span> <span class='ocrx_word' id='word_1_273' title='bbox 297 2983 435 3064; x_wconf 87' lang='lat' dir='ltr'><strong>delapsis.</strong></span> <span class='ocrx_word' id='word_1_274' title='bbox 466 2985 586 3062; x_wconf 87' lang='lat' dir='ltr'><strong>primum</strong></span> <span class='ocrx_word' id='word_1_275' title='bbox 604 2999 678 3057; x_wconf 87' lang='lat' dir='ltr'><strong>ergo</strong></span> <span class='ocrx_word' id='word_1_276' title='bbox 701 2983 894 3042; x_wconf 86' lang='lat' dir='ltr'><strong>miserationis</strong></span> <span class='ocrx_word' id='word_1_277' title='bbox 916 2979 968 3040; x_wconf 86' lang='lat' dir='ltr'><strong>init</strong></span> <span class='ocrx_word' id='word_1_278' title='bbox 990 2995 1046 3040; x_wconf 89' lang='lat' dir='ltr'><strong>non</strong></span> <span class='ocrx_word' id='word_1_279' title='bbox 1059 2988 1094 3042; x_wconf 82' lang='lat'><strong>60</strong></span> 
     </span>
     <span class='ocr_line' id='line_1_34' title="bbox 48 3066 1050 3146; baseline -0.005 -21"><span class='ocrx_word' id='word_1_280' title='bbox 48 3085 263 3145; x_wconf 82' lang='lat' dir='ltr'><strong>expavescere,</strong></span> <span class='ocrx_word' id='word_1_281' title='bbox 280 3086 448 3146; x_wconf 86' lang='lat' dir='ltr'><strong>proxumam</strong></span> <span class='ocrx_word' id='word_1_282' title='bbox 464 3077 493 3126; x_wconf 88' lang='lat' dir='ltr'><strong>et</strong></span> <span class='ocrx_word' id='word_1_283' title='bbox 509 3085 605 3126; x_wconf 87' lang='lat' dir='ltr'><strong>euram</strong></span> <span class='ocrx_word' id='word_1_284' title='bbox 621 3066 782 3141; x_wconf 85' lang='lat' dir='ltr'><strong>intendere,</strong></span> <span class='ocrx_word' id='word_1_285' title='bbox 800 3076 976 3141; x_wconf 86' lang='lat' dir='ltr'><strong>secutusque</strong></span> <span class='ocrx_word' id='word_1_286' title='bbox 993 3079 1050 3140; x_wconf 86' lang='lat' dir='ltr'><strong>qna</strong></span> 
     </span>
     <span class='ocr_line' id='line_1_35' title="bbox 47 3146 1050 3229; baseline -0.006 -20"><span class='ocrx_word' id='word_1_287' title='bbox 47 3151 182 3212; x_wconf 87' lang='lat' dir='ltr'><strong>trahebat</strong></span> <span class='ocrx_word' id='word_1_288' title='bbox 199 3161 312 3214; x_wconf 87' lang='lat' dir='ltr'><strong>vestem</strong></span> <span class='ocrx_word' id='word_1_289' title='bbox 335 3154 470 3229; x_wconf 87' lang='lat' dir='ltr'><strong>unguium</strong></span> <span class='ocrx_word' id='word_1_290' title='bbox 486 3152 544 3211; x_wconf 88' lang='lat' dir='ltr'><strong>levi</strong></span> <span class='ocrx_word' id='word_1_291' title='bbox 566 3152 683 3226; x_wconf 81' lang='lat' dir='ltr'><strong>iniectu,</strong></span> <span class='ocrx_word' id='word_1_292' title='bbox 704 3159 735 3209; x_wconf 90' lang='lat' dir='ltr'><strong>ut</strong></span> <span class='ocrx_word' id='word_1_293' title='bbox 750 3167 867 3210; x_wconf 86' lang='lat' dir='ltr'><strong>causam</strong></span> <span class='ocrx_word' id='word_1_294' title='bbox 883 3146 994 3208; x_wconf 89' lang='lat' dir='ltr'><strong>doloris</strong></span> <span class='ocrx_word' id='word_1_295' title='bbox 1010 3148 1050 3204; x_wconf 89' lang='lat' dir='ltr'><strong>in-</strong></span> 
     </span>
    </p>

    <p class='ocr_par' dir='ltr' id='par_1_7' title="bbox 16 3232 1052 3568">
     <span class='ocr_line' id='line_1_36' title="bbox 16 3232 1052 3316; baseline -0.005 -21"><span class='ocrx_word' id='word_1_296' title='bbox 16 3235 164 3296; x_wconf 69' lang='lat' dir='ltr'><strong>auellere</strong></span> <span class='ocrx_word' id='word_1_297' title='bbox 183 3237 324 3316; x_wconf 86' lang='lat' dir='ltr'><strong>simulque</strong></span> <span class='ocrx_word' id='word_1_298' title='bbox 350 3237 450 3297; x_wconf 90' lang='lat' dir='ltr'><strong>salutis</strong></span> <span class='ocrx_word' id='word_1_299' title='bbox 466 3253 535 3296; x_wconf 89' lang='lat' dir='ltr'><strong>suae</strong></span> <span class='ocrx_word' id='word_1_300' title='bbox 550 3235 731 3310; x_wconf 84' lang='lat' dir='ltr'><strong>mercedem,</strong></span> <span class='ocrx_word' id='word_1_301' title='bbox 757 3233 863 3294; x_wconf 85' lang='lat' dir='ltr'><strong>exemit</strong></span> <span class='ocrx_word' id='word_1_302' title='bbox 876 3232 999 3304; x_wconf 87' lang='lat' dir='ltr'><strong>catulos,</strong></span> <span class='ocrx_word' id='word_1_303' title='bbox 1016 3247 1052 3290; x_wconf 93' lang='lat' dir='ltr'><strong>ea</strong></span> 
     </span>
     <span class='ocr_line' id='line_1_37' title="bbox 49 3315 1052 3400; baseline -0.007 -20"><span class='ocrx_word' id='word_1_304' title='bbox 49 3338 113 3380; x_wconf 84' lang='lat' dir='ltr'><strong>cum</strong></span> <span class='ocrx_word' id='word_1_305' title='bbox 131 3321 175 3379; x_wconf 85' lang='lat' dir='ltr'><strong>his</strong></span> <span class='ocrx_word' id='word_1_306' title='bbox 197 3331 395 3400; x_wconf 89' lang='lat' dir='ltr'><strong>prosequente</strong></span> <span class='ocrx_word' id='word_1_307' title='bbox 411 3339 504 3400; x_wconf 90' lang='lat' dir='ltr'><strong>usque</strong></span> <span class='ocrx_word' id='word_1_308' title='bbox 521 3328 603 3380; x_wconf 82' lang='lat' dir='ltr'><strong>entra</strong></span> <span class='ocrx_word' id='word_1_309' title='bbox 619 3318 789 3379; x_wconf 86' lang='lat' dir='ltr'><strong>solitudines</strong></span> <span class='ocrx_word' id='word_1_310' title='bbox 813 3319 952 3378; x_wconf 88' lang='lat' dir='ltr'><strong>deductus</strong></span> <span class='ocrx_word' id='word_1_311' title='bbox 976 3315 1052 3374; x_wconf 87' lang='lat' dir='ltr'><strong>laeta</strong></span> 
     </span>
     <span class='ocr_line' id='line_1_38' title="bbox 49 3397 1052 3484; baseline -0.008 -20"><span class='ocrx_word' id='word_1_312' title='bbox 49 3413 137 3484; x_wconf 86' lang='lat' dir='ltr'><strong>atque</strong></span> <span class='ocrx_word' id='word_1_313' title='bbox 154 3405 314 3481; x_wconf 89' lang='lat' dir='ltr'><strong>gestiente,</strong></span> <span class='ocrx_word' id='word_1_314' title='bbox 331 3415 361 3464; x_wconf 88' lang='lat' dir='ltr'><strong>ut</strong></span> <span class='ocrx_word' id='word_1_315' title='bbox 380 3405 467 3464; x_wconf 87' lang='lat' dir='ltr'><strong>lacile</strong></span> <span class='ocrx_word' id='word_1_316' title='bbox 483 3401 639 3482; x_wconf 85' lang='lat' dir='ltr'><strong>adpareret</strong></span> <span class='ocrx_word' id='word_1_317' title='bbox 658 3405 779 3480; x_wconf 81' lang='lat' dir='ltr'><strong>gratiana</strong></span> <span class='ocrx_word' id='word_1_318' title='bbox 799 3402 913 3462; x_wconf 89' lang='lat' dir='ltr'><strong>referre</strong></span> <span class='ocrx_word' id='word_1_319' title='bbox 936 3408 965 3458; x_wconf 92' lang='lat' dir='ltr'><strong>et</strong></span> <span class='ocrx_word' id='word_1_320' title='bbox 982 3397 1052 3458; x_wconf 93' lang='lat' dir='ltr'><strong>nihil</strong></span> 
     </span>
     <span class='ocr_line' id='line_1_39' title="bbox 49 3487 896 3568; baseline -0.005 -20"><span class='ocrx_word' id='word_1_321' title='bbox 49 3489 77 3548; x_wconf 89' lang='lat' dir='ltr'><strong>in</strong></span> <span class='ocrx_word' id='word_1_322' title='bbox 92 3491 189 3549; x_wconf 80' lang='lat' dir='ltr'><strong>ricem</strong></span> <span class='ocrx_word' id='word_1_323' title='bbox 207 3491 349 3568; x_wconf 88' lang='lat' dir='ltr'><strong>inputare,</strong></span> <span class='ocrx_word' id='word_1_324' title='bbox 367 3490 444 3567; x_wconf 86' lang='lat' dir='ltr'><strong>quod</strong></span> <span class='ocrx_word' id='word_1_325' title='bbox 459 3491 543 3548; x_wconf 85' lang='lat' dir='ltr'><strong>etiarn</strong></span> <span class='ocrx_word' id='word_1_326' title='bbox 558 3489 586 3546; x_wconf 94' lang='lat' dir='ltr'><strong>in</strong></span> <span class='ocrx_word' id='word_1_327' title='bbox 601 3487 715 3548; x_wconf 90' lang='lat' dir='ltr'><strong>homine</strong></span> <span class='ocrx_word' id='word_1_328' title='bbox 732 3503 828 3546; x_wconf 86' lang='lat' dir='ltr'><strong>rarum</strong></span> <span class='ocrx_word' id='word_1_329' title='bbox 843 3494 896 3546; x_wconf 87' lang='lat' dir='ltr'><strong>est.</strong></span> 
     </span>
    </p>
   </div>
   <div class='ocr_carea' id='block_1_5' title="bbox 0 0 1226 3908">
    <p class='ocr_par' dir='ltr' id='par_1_8' title="bbox 0 0 1226 3908">
     <span class='ocr_line' id='line_1_40' title="bbox 0 0 1226 3908; baseline 0 0"><span class='ocrx_word' id='word_1_330' title='bbox 0 0 1226 3908; x_wconf 95' lang='lat' dir='ltr'><strong> </strong></span> 
     </span>
    </p>
   </div>
  </div>
 </body>
</html>
