2444 3910
192 271 194 276 ,
283 182 849 270 unn.msu.v11.4o-ts.(ss-ss.)
912 173 914 177 ’
1019 189 1059 252 27

26 345 179 410 tuissetl
206 366 325 427 opraua
340 350 540 428 interpretatio
555 361 584 412 et
599 353 694 413 futuro
711 363 844 434 tempore
857 357 975 420 infelix!
999 375 1057 423 non
1173 360 1175 370 ’

26 434 185 492 melioris
197 435 284 493 sortis
299 442 367 494 tunc
379 435 461 494 fuere
475 445 632 513 pereuntes
644 454 764 514 quorum
777 440 947 500 miseremur
958 441 1055 520 hodie,

25 535 106 578 unm
125 517 244 576 Sullam
264 533 349 578 nemo
372 535 428 577 uon
450 515 564 583 oderit?
591 537 665 596 ege,
686 537 742 581 ncn
761 523 863 582 exitus
878 525 954 582 sitae
975 527 1100 591 eius138

28 602 177 663 omnium
195 604 422 680 proscriptorum
446 601 481 662 ab
503 602 553 664 illo
572 603 733 666 calamitate
752 605 898 670 crudelior
919 607 972 668 fuit
990 627 1055 670 ero·

8 685 133 745 edente
159 703 195 743 se
213 685 277 762 ipso
292 701 424 764 <corpore
443 694 472 752 et
495 687 636 764 supplicia
659 687 714 749 sibi
736 687 897 767 gignente?
928 692 1006 769 quod
1026 703 1056 754 ut

29 768 275 828 dissimulaverit
296 779 326 829 et
341 785 480 848 supremo
502 771 714 848 somniastis,
739 775 785 836 cui
803 773 960 834 inmortuus
984 792 1055 854 quo·

30 852 206 915 mmmodo
226 861 287 928 est,
312 853 461 915 credaanus
482 853 519 914 ab
539 871 595 916 uno
611 855 662 915 illo
678 856 811 918 invidiam
831 857 925 935 gloria
939 860 1057 934 victam(

29 936 98 996 hoc
118 945 222 1000 tamen
237 953 342 1016 nempe
361 937 492 997 felicitati
506 955 577 998 suae
593 937 724 1000 defuisse
736 940 893 1000 confessus
911 950 956 1000 est
978 943 1054 1019 quod

33 1018 227 1099 Capitolium
242 1037 300 1080 non
312 1019 521 1081 dedicavisset.
615 1057 617 1064 ›
980 1017 982 1022 ’

8 1123 25 1165 o
105 1104 198 1183 (45.)
220 1103 351 1177 ¹Quintus
366 1103 502 1164 lletellus
519 1105 547 1164 in
565 1123 600 1164 ea
621 1107 752 1166 credone
775 1124 858 1184 quam
874 1107 1096 1173 habuitne-139

35 1189 158 1266 premis
176 1188 414 1266 laudibuspatris
436 1190 479 1248 sui
498 1188 529 1248 L.
547 1187 657 1249 lietelli
673 1190 896 1268 pontilicisplris
916 1191 1053 1266 consulis,

37 1272 217 1348 dictatoris,
235 1273 362 1348 magistri
380 1274 523 1349 equitum,
539 1272 758 1349 quindecimviri
775 1276 853 1350 agris
870 1273 987 1349 dandis,
1005 1276 1054 1352 qui

38 1357 158 1434 primns
175 1354 348 1434 elephantos
364 1374 402 1416 ex
419 1357 510 1433 primo
526 1356 634 1416 Punico
648 1355 735 1418 ,bello
757 1357 838 1422 duxit
854 1359 883 1417 in
896 1357 1051 1436 triumpho,
1106 1359 1107 1362 ’
1148 1362 1150 1370 “

40 1441 189 1518 scriptum
213 1440 331 1518 reliquit
352 1440 454 1500 decem
474 1446 620 1502 maxumas
642 1459 690 1500 res
713 1450 921 1520 optumusque,
943 1443 972 1502 in
991 1443 1051 1518 qui·

8 1522 99 1582 tubus
124 1523 301 1602 quaerendis
325 1523 473 1602 sapientes
494 1531 619 1584 aetatem
645 1522 813 1600 exigerent,
835 1542 1051 1588 consummasse

39 1625 120 1667 eum.
153 1608 284 1668 uoluisse
307 1608 381 1668 enim
402 1609 565 1684 primarium
587 1607 759 1668 bellatorem
782 1627 866 1684 esse,
887 1618 1033 1687 optumum
1043 1617 1094 1671 lio

40 1701 212 1766 oratorem,
227 1691 414 1752 fortissimum
434 1694 655 1770 imperatorem,
673 1693 802 1770 auspicio
827 1709 880 1752 suc
904 1709 1050 1767 manninas

42 1793 94 1834 res
109 1777 185 1852 geri,
201 1793 332 1835 maxumo
345 1775 456 1834 bonore
473 1777 524 1850 uti,
539 1793 647 1836 summa
662 1777 898 1854 sapientissime,
914 1793 1050 1836 summum

44 1867 213 1921 senatorem
235 1859 350 1933 haberi‚
369 1861 526 1936 pecuniam
547 1877 679 1937 maguam
698 1859 779 1920 bono
798 1859 884 1928 modo
908 1859 1048 1934 invenire,

8 1953 35 2000 tt
43 1943 152 2002 multos
164 1943 275 2003 liberos
290 1943 455 2020 relinquere
467 1951 496 2004 et
509 1942 696 2004 clarissimum
711 1946 740 2004 iu
752 1945 871 2006 eivitate
883 1961 959 2006 esse.
976 1941 1050 2002 haec

45 2029 206 2104 contigisse
219 2028 246 2089 ei
257 2045 313 2086 nec
322 2026 373 2086 ulli
385 2027 433 2086 alii
446 2036 513 2104 post
524 2026 643 2088 Romam
662 2029 813 2090 conditam.
839 2027 968 2104 tongum
985 2035 1031 2086 est
1041 2035 1089 2088 141

44 2110 187 2170 refellere
205 2119 234 2170 et
252 2127 462 2188 supervacuum
477 2110 597 2170 abunde
613 2128 669 2170 unc
688 2129 757 2172 casu
772 2111 926 2170 refutante.
950 2109 1048 2188 ‚siqui-

46 2195 113 2255 dem
128 2196 154 2253 is
167 2193 300 2256 lletellus
319 2193 419 2256 orbum
434 2193 585 2254 luminibus
600 2195 701 2269 exegit
716 2203 864 2255 senectam
879 2193 991 2254 amissis
1007 2193 1048 2251 in·
1146 2219 1150 2224 »

49 2279 168 2354 mnam,
188 2296 253 2338 oum
268 2277 424 2342 Palladium
441 2284 559 2355 raperet
581 2295 618 2336 ex
634 2277 707 2337 aede
724 2277 852 2349 Vestae,
868 2273 1050 2346 memorabili

13 2379 41 2422 aa
51 2379 138 2422 eausa
154 2361 206 2422 sed
223 2371 328 2421 eventu
343 2363 460 2422 misero.
491 2376 549 2437 quo
572 2360 602 2418 iit
623 2369 652 2420 ut
670 2361 771 2422 infelix
787 2359 901 2436 quidem
917 2358 974 2419 dici
991 2374 1048 2418 non

51 2444 171 2520 debeat,
192 2445 263 2506 felix
278 2455 372 2506 tamen
388 2461 445 2503 non
464 2443 566 2522 possit.
599 2443 696 2505 tribuit
712 2446 739 2504 ei
761 2443 886 2522 populus
903 2443 1048 2508 Romanus

52 2529 129 2608 qnod
147 2529 214 2589 nulli
235 2529 283 2589 alii
299 2528 334 2588 ab
353 2528 469 2592 condito
486 2544 576 2602 aevo,
591 2536 632 2588 ,ut
651 2531 783 2606 quotiens
799 2529 827 2589 iu
842 2537 972 2593 afflatum
993 2527 1049 2586 iret

54 2631 136 2674 curru
149 2612 303 2674 ueheretur
315 2613 351 2677 ad
366 2613 482 2674 curiam.
508 2628 642 2687 magnum
654 2621 683 2672 et
695 2612 827 2687 sublime,
843 2611 899 2675 sed
912 2627 965 2690 pro
979 2626 1047 2670 cou-

55 2697 90 2758 lis
101 2697 200 2758 datum
1009 2743 1010 2750 ,

17 2795 49 2838 ac
116 2781 162 2842 44.
191 2779 280 2842 Huius
299 2797 415 2860 quoque
431 2778 466 2853 Q.
485 2779 596 2842 lletelli
618 2781 666 2856 qui
686 2779 736 2840 illa
756 2779 792 2839 de
815 2788 898 2858 patre
919 2753 1033 2838 dixerat
1040 2785 1090 2839 142
1121 2816 1123 2820 .

47 2863 127 2928 <ilius
139 2865 214 2924 'inter
229 2881 294 2925 rara
311 2863 464 2926 felicitatis
475 2861 614 2924 humanae
631 2863 766 2940 exempla
777 2870 954 2940 'numeratum
984 2877 1048 2920 nam

58 2958 165 3026 praeter
184 2949 311 3009 honores
336 2948 527 3027 amplissimos
552 2963 772 3024 cognomenque
797 2965 812 3006 e
836 2943 1048 3008 Macedonian
1151 2971 1154 2976 ·

59 3041 182 3110 quattuor
198 3032 263 3092 liliis
282 3031 386 3092 inlatus
407 3047 498 3108 rogo,
522 3047 578 3092 nnc
595 3031 760 3108 praetorio,
776 3029 867 3093 tribus
890 3027 1046 3090 consulari·
1074 3083 1082 3092 s

51 3115 125 3190 bus,
137 3116 246 3176 duobus
263 3114 499 3194 triumplialibus,
516 3131 572 3173 uno
589 3113 741 3188 censorio,
759 3131 834 3192 quae
848 3111 960 3188 singula
974 3125 1045 3188 quo·

28 3215 112 3277 uque
128 3201 220 3278 paucis
243 3201 403 3276 contigere.
432 3199 539 3276 inipso
556 3196 745 3263 tamenxdore
766 3195 939 3274 ‹lignmionis
957 3199 1089 3254 suaelit

61 3281 96 3344 ab
112 3281 140 3343 G.
155 3283 247 3344 Atinio
262 3282 415 3358 Labeone,
437 3281 482 3342 cui
499 3295 660 3358 cognomen
673 3280 726 3340 init
740 3279 916 3354 blacericui,
932 3275 1045 3337 tribuno

62 3367 161 3446 plebis,
182 3385 266 3446 quesn
287 3385 305 3426 e
323 3375 424 3426 senatu
441 3381 546 3426 censor
563 3365 707 3438 eiecerat,
730 3373 883 3425 reuertens
903 3379 920 3420 e
942 3376 1045 3438 campo

1211 3345 1214 3376 l

8 3479 10 3544 p
63 3451 203 3512 uendiauo
226 3459 376 3529 tempore,
405 3466 498 3510 vacuo
527 3448 592 3508 foro
617 3457 646 3508 et
669 3445 813 3535 Capitolio
835 3446 872 3506 ad
893 3444 1047 3523 Tarpeium
1083 3514 1086 3521 ¹
1210 3379 1214 3426 ι
