2444 3908
365 195 446 240 unu.
464 193 554 242 rursu.
574 194 663 240 vrrrr.
678 190 722 244 ιι.
740 181 897 285 (ea—58.)
1038 181 1109 242 107-

91 349 288 426 reperiuutur,
303 348 356 408 sed
373 349 436 408 aliis
453 357 540 426 atque
555 348 619 408 aliis
637 349 722 424 locis,
739 348 918 426 vidimusque
933 349 988 408 iam
1004 349 1032 428 in
1048 366 1096 406 ex·

90 433 193 492 tremis
205 434 290 492 etiam
306 431 484 508 marginibus
500 432 581 492 velut
597 431 709 492 concha
723 433 867 505 exeuntis,
887 441 917 490 et
934 433 962 489 iu
979 431 1096 510 quibus·

92 516 159 576 dam
183 526 340 594 quaternos
363 517 536 594 quinosque.
571 517 684 595 pondus
706 516 819 576 adhoc
840 516 905 574 aevi
932 517 1096 580 semunciae

92 602 182 678 pauci
198 601 319 678 siugulis
331 601 467 678 scripulis
482 617 651 660 excessere.
680 599 712 659 lu
726 599 870 658 Britannia
887 617 994 677 parvos
1010 609 1097 678 atque

61 683 252 748 rdecolores
265 686 349 748 casn
368 693 478 746 certum
497 694 557 759 est,
579 685 713 782 quoniam
735 685 816 744 divos
838 681 926 742 Iulius
948 682 1097 743 thoracem

91 785 181 845 quem
196 768 304 829 Veneri
325 767 499 828 Genetrici
492 769 648 846 intemplo
671 769 732 828 eius
748 768 854 828 dicavit
876 785 913 826 ex
928 765 1095 826 Britannicis

90 853 301 927 margaritisa
271 852 301 912 fa
303 862 378 912 ctum
395 852 521 912 voluerit
537 853 679 929 intellegi
809 909 810 912 ,

158 935 225 1012 (58.
228 937 242 1014 )
266 925 393 996 Lolliam
403 936 559 1012 Paulinam,
572 954 647 1014 quae
659 937 711 996 iuit
722 935 774 996 Gai
777 937 924 1034 ‘principis
940 942 1139 1010 matrona,llt

89 1020 229 1078 usserio
254 1021 370 1098 quidem
399 1030 447 1080 aut
465 1020 601 1090 sollemni
627 1021 865 1082 caerimoniarum
891 1019 989 1098 aliquo
1010 1019 1095 1097 adpa-

50 1112 157 1165 roratu
173 1104 226 1164 sed
242 1103 428 1166 mediocrium
449 1106 534 1164 etiarn
548 1105 724 1182 sponsalium
746 1121 833 1178 cena,
854 1102 912 1163 vidi
936 1103 1097 1180 zmaragdis
1179 1100 1186 1114 '

89 1189 324 1266 margaritisque,
333 1198 473 1266 opertam,
496 1183 607 1248 alterno
626 1197 705 1246 texto
721 1187 898 1264 fulgentibus
911 1196 972 1247 toto
990 1188 1095 1265 capite,

90 1271 235 1347 crinibus,
262 1274 356 1350 spira,
375 1271 509 1346 auribus,
536 1272 631 1346 collo,
653 1271 817 1346 monilibus,
840 1271 1006 1349 digitisque,
1024 1289 1096 1349 quae

90 1373 202 1416 wmma
220 1357 475 1433 quadringentiens
490 1355 546 1433 HS.
565 1355 734 1434 colligebat,
751 1357 814 1432 ipsa
830 1355 980 1426 couiestim
998 1363 1096 1432 parata

88 1441 344 1517 mancupationem
361 1439 465 1500 tabulis
487 1439 622 1518 probare.
652 1459 706 1500 nee
722 1439 797 1498 dona
819 1439 934 1517 prodigi
956 1439 1095 1516 principis

52 1539 80 1580 ιι
91 1523 218 1600 fueraut,
235 1524 287 1583 sed
303 1526 398 1584 avitae
415 1541 499 1600 opes,
512 1526 721 1601 provinciarum
735 1523 849 1583 scilicet
863 1523 965 1600 spoliis
983 1524 1094 1600 partae.

90 1608 140 1666 hic
157 1616 203 1666 est
216 1609 379 1684 rapinarum
397 1609 502 1682 exitus,
521 1608 607 1668 hocf
606 1611 645 1668 uit
665 1627 753 1688 quare
770 1607 807 1667 Μ
824 1607 935 1666 Lollius
957 1607 1072 1668 infatua·
1087 1615 1138 1668 118

90 1701 140 1753 tus
154 1710 256 1767 regum
271 1691 460 1758 muneribus'
452 1710 480 1749 m
492 1701 553 1752 toto
571 1695 682 1752 oriente
695 1693 847 1753 interdicta
859 1692 981 1752 amicitia
994 1710 1010 1752 a
1023 1689 1095 1750 Gaio

67 1772 224 1846 Caesare
245 1774 370 1851 Augusti
385 1775 445 1834 lilio
467 1794 608 1836 venenum
629 1776 761 1851 biberet,
783 1785 813 1836 ut
835 1778 932 1853 neptis
948 1777 1009 1834 eius
1026 1793 1094 1853 qua·

89 1853 290 1934 driugeutieus
306 1857 364 1918 HS.
393 1868 494 1937 operta
517 1870 701 1938 spectaretur
725 1861 760 1921 ad
782 1861 926 1920 lucernas.
958 1867 1097 1938 conputet

52 1953 168 2002 ttuunc
182 1943 285 2021 aliquis
303 1961 342 2002 ex
356 1943 447 2003 altera
464 1953 545 2020 parte
560 1954 694 2023 quantum
711 1943 816 2004 Curius.
837 1954 885 2004 aut
900 1943 1050 2004 Fabricius
1067 1945 1095 2002 iu

90 2027 242 2104 triumphis
259 2026 386 2101 tulerint,
403 2028 573 2103 imaginetur
590 2029 704 2088 illorum
720 2028 844 2104 lercula,
859 2047 896 2088 ex
908 2029 999 2088 altera
1011 2036 1095 2106 parte

58 2110 214 2171 .Lolliam
250 2128 332 2169 uuam
364 2111 466 2188 imperi
487 2113 685 2172 mulierculam
705 2111 913 2172 adcubantem:
946 2128 1003 2170 nou
1026 2111 1095 2170 illos
1124 2156 1137 2167 .

90 2213 179 2254 curru
190 2194 338 2254 detractos
355 2212 439 2272 quam
457 2195 485 2252 iu
496 2195 554 2254 hoc
565 2198 671 2255 vicisse
685 2192 785 2255 malit?
801 2194 864 2254 Nec
880 2195 953 2254 baec
971 2204 1137 2258 summall9
1155 2232 1161 2242 ν

91 2277 224 2339 luxuriae
242 2278 376 2356 exempla
393 2287 466 2338 suut.
500 2279 556 2338 duo
574 2279 657 2340 fuere
675 2280 798 2340 maxumi
810 2281 930 2337 uniones
945 2295 997 2354 per
1009 2293 1094 2335 omne

55 2380 206 2426 naevum.
236 2371 385 2440 utrumque
403 2362 534 2440 possedit
550 2363 706 2442 Cleopatra
720 2362 850 2440 Aegypti
865 2363 1027 2438 reginarum
1043 2377 1093 2420 uo·

89 2447 209 2506 sissima
224 2464 278 2523 per
295 2464 393 2505 manus
419 2447 538 2508 orientis
560 2467 660 2526 regum
679 2447 734 2507 sibi
757 2447 888 2507 traditos.
919 2446 1004 2522 baec,
1030 2463 1095 2504 cum
1142 2523 1143 2528 η

91 2529 245 2609 exquisitis
264 2531 370 2592 cotidie
385 2528 527 2592 Antonius
543 2535 724 2610 saginaretur
743 2531 847 2609 epulis,
865 2528 994 2608 superbo
1011 2528 1095 2588 simul

90 2625 126 2674 ac
141 2616 262 2693 procaci
275 2616 361 2691 fastu,
376 2625 406 2674 ut
421 2619 522 2693 regina
534 2618 671 2678 meretrix
683 2617 820 2676 lautitiam
836 2616 897 2673 eius
916 2632 1029 2674 omnem
1044 2614 1103 2680 ad:

91 2708 280 2777 paratumque
305 2699 488 2774 obtrectans,
513 2710 671 2779 quaerente
694 2718 730 2760 eo
754 2700 822 2779 quid
837 2699 945 2759 adstrui
965 2697 1094 2776 magnifi-

56 2783 205 2854 socentiae
227 2792 329 2861 posset
350 2785 501 2861 respoudit
522 2805 627 2846 uuasc
643 2803 715 2849 cena
737 2785 866 2844 centiens
881 2783 939 2844 llS.
959 2783 1092 2858 absump-

90 2875 193 2926 turam.
225 2865 360 2944 cupiebat
375 2868 490 2927 discere
506 2870 659 2944 Antonius,
671 2869 723 2928 sed
741 2867 805 2926 lieri
820 2885 910 2945 posse
926 2885 983 2926 uon
998 2865 1136 2926 arbi-120

89 2949 228 3010 trabatur
260 2968 332 3028 ergo
349 2953 555 3028 sponsionibus
570 2953 655 3012 factis
671 2961 792 3030 postero
817 2952 864 3012 die
880 2969 937 3050 quo
958 2949 1091 3010 iudicium

89 3033 233 3110 agebatur
249 3035 429 3111 magnificam
451 3036 521 3097 alias
543 3055 659 3112 cenam,
685 3054 721 3096 ue
745 3036 808 3096 dies
824 3037 949 3114 periret,
972 3032 1025 3092 sed
1042 3047 1089 3090 co-

88 3117 241 3191 tidianam,
266 3118 393 3179 Antonio
417 3120 552 3198 adposuit
572 3121 705 3206 inridenti
725 3121 1018 3200 conputationemque
1040 3133 1090 3174 ex·

6 3243 8 3252 .
53 3201 258 3279 ttpostulauti
288 3212 316 3262 at
331 3202 382 3264 illa
400 3203 584 3265 corollarium
607 3204 635 3263 id
651 3195 717 3270 es'se
736 3214 765 3264 et
781 3210 1012 3300 consumpturam
1028 3217 1091 3258 eam

87 3294 191 3344 cenam
208 3288 383 3350 taxationem
402 3289 583 3364 confirmans,
606 3288 756 3386 solamque
775 3287 951 3348 sesentiens
967 3283 1023 3344 HS.
1042 3301 1090 3342 ce·

85 3379 228 3444 naturam,
255 3369 355 3429 inferri
371 3388 498 3432 mensam
514 3371 692 3434 secundam
683 3374 774 3432 iussit.
807 3391 844 3430 ex
865 3376 1025 3448 praecepto
1040 3368 1091 3428 mi·

85 3454 170 3514 nistri
184 3471 268 3513 uuum
283 3461 391 3514 tautum
406 3473 457 3516 vas
476 3465 542 3518 aute
558 3474 621 3518 eam
636 3474 762 3534 posuere
784 3456 861 3514 aceti
882 3455 962 3514 cuius
979 3452 1089 3532 asperi-
