2444 3908
165 219 224 282 126
504 233 531 279 c.
549 233 643 278 entur
660 231 809 278 sscuxor

157 390 203 450 los
220 405 255 448 ac
275 389 376 448 volare
398 399 520 466 cogunt,
544 391 618 446 sicut
635 397 663 446 et
685 389 781 463 corvi,
799 389 847 466 qui
868 397 897 446 et
913 387 970 464 ipsi
991 402 1050 443 nou
1072 403 1166 444 carne

156 482 262 532 tantum
279 474 390 533 aluntur
411 473 470 532 sed
492 472 627 530 robustos
649 489 763 551 quoque
788 473 863 531 letus
886 487 955 530 suos
973 469 1077 546 lugant
1100 469 1166 529 lou·

156 557 228 634 gius.
261 559 357 637 itaque
372 560 470 635 parvis
481 559 509 615 iu
525 557 597 614 vicis
609 571 666 614 non
679 557 744 635 plus
758 555 824 614 bina
836 555 969 630 coniugia
985 563 1062 628 suut,
1082 555 1166 612 circa

156 640 338 700 Crannonem
361 641 474 718 quidem
494 639 663 698 Thessaliae
685 640 796 716 singula
816 647 970 718 perpetuo.
1005 639 1165 713 genitores

114 733 147 786 31
158 726 252 785 suboli
270 727 337 785 loco
356 725 467 784 cedunt.
500 724 623 782 Diversa
640 725 667 782 in
682 723 736 789 hac
753 733 782 782 et
797 723 961 802 supradicta
979 721 1183 799 alitequaeu

156 811 229 869 dam.
262 809 342 868 corvi
358 817 422 866 ante
439 808 590 866 solstitium
606 817 763 884 generant,
782 807 867 867 iidem
882 814 1059 882 aegrescunt
1075 823 1165 864 sexa-

156 895 239 970 genis
254 891 366 968 diebus,
386 891 431 950 siti
447 909 588 965 maxume,
606 901 756 968 antequam
774 892 994 968 lici.coquantur
1010 898 1162 947 autumno.

158 977 257 1035 cornix
275 975 310 1034 ab
327 993 363 1033 eo
379 983 510 1052 tempore
534 978 692 1054 conripitur
707 974 818 1034 morbo.
856 973 943 1034 Corvi
964 974 1081 1052 pariunt
1099 989 1164 1032 cum

157 1059 315 1136 plurumum
333 1060 444 1149 quiqos.
484 1077 535 1118 ore
552 1077 604 1118 eos
626 1075 731 1138 parere
747 1069 794 1118 aut
815 1061 895 1118 coire
911 1057 1017 1134 volgus
1037 1055 1163 1116 arbitra·

157 1151 217 1216 tur,
242 1143 366 1220 ideoque
386 1142 536 1219 gravidas,
568 1145 591 1201 si
616 1144 728 1202 ederint
750 1144 897 1202 corvinum
920 1159 1022 1215 ovom,
1046 1158 1105 1218 per
1126 1157 1161 1199 os
1173 1159 1194 1200 ιο

156 1235 267 1304 partum
290 1227 435 1302 reddere,
457 1237 542 1307 atque
565 1229 592 1285 in
611 1236 698 1287 totum
721 1225 875 1286 dillrcultcr
897 1243 1016 1305 parere,
1035 1225 1059 1283 si
1082 1235 1163 1284 tecto

157 1311 325 1371 inferantur.
357 1311 534 1371 Aristoteles
549 1322 652 1389 negat,
668 1328 741 1385 non,
759 1310 903 1384 Hercule,
919 1310 1009 1386 magis
1027 1327 1115 1386 quarn
1136 1311 1164 1367 in

157 1395 293 1474 Aegypto
310 1393 387 1471 ibim,
403 1396 456 1454 sed
472 1396 549 1456 illam
566 1395 814 1455 exosculationem
830 1413 905 1472 quae
923 1412 1013 1471 saepe
1032 1395 1164 1450 cernitur

115 1489 149 1542 33
161 1482 274 1557 qualem
290 1481 318 1538 in
333 1480 472 1540 columbis
492 1498 568 1539 esse.
600 1477 731 1538 Corvi-in
747 1480 882 1556 auspiciis
901 1478 955 1536 soli
971 1476 1110 1550 videntur
1120 1477 1162 1534 in·

157 1563 305 1622 tellectum
331 1563 440 1621 babere
467 1564 705 1639 significationum
735 1581 857 1621 suarum.
900 1580 962 1620 nam
995 1578 1060 1619 cum
1084 1559 1192 1618 bledirs

157 1645 288 1724 hospites
306 1647 395 1705 occisi
413 1657 492 1720 sunt,
510 1664 609 1705 omnes
626 1667 642 1706 e
660 1647 912 1724 Peloponnesoet
930 1645 1023 1704 Attica
1038 1645 1162 1719 regione

159 1729 338 1788 'volaverunt
371 1747 505 1807 pessuma
523 1747 621 1788 eorum
635 1731 819 1808 significatio,
841 1749 904 1789 cum
919 1729 1042 1806 glutiunt
1056 1744 1162 1786 vocem

156 1813 236 1871 velut
254 1811 430 1888 strangulati.

115 1906 149 1958 31
225 1895 307 1974 (16.)
330 1893 428 1955 Uncus
443 1898 545 1972 unguis
558 1907 587 1956 et
598 1908 754 1958 nocturnae
767 1915 837 1957 aves
852 1894 968 1972 habent,
981 1904 1011 1954 ut
1023 1904 1161 1969 noctuae,

157 1979 252 2053 bubo,
272 1979 376 2039 ululae.
414 1980 535 2039 omnium
553 1981 654 2042 borum
671 1980 794 2041 hebetes
815 1978 937 2040 interdiu
961 1979 1048 2038 oculi.
1083 1979 1193 2042 babere

158 2061 286 2122 funebris
309 2073 338 2122 et
355 2082 486 2126 maxume
509 2065 686 2125 abominatus
708 2066 832 2144 publicis
848 2065 1005 2142 praecipue
1021 2063 1161 2140 auspiciis

159 2149 273 2208 deserta
289 2149 403 2225 incolit,
420 2167 475 2208 nec
495 2157 600 2209 tantum
620 2151 752 2210 desolata
774 2149 825 2208 sed
845 2149 906 2208 dira
926 2149 1011 2207 etiam
1032 2155 1061 2205 et
1083 2148 1160 2206 inac-

159 2251 253 2309 cessa,
270 2236 363 2294 noctis
379 2243 545 2309 monstrum,
562 2253 616 2294 nec
634 2245 717 2294 cantu
732 2233 829 2311 aliquo
843 2233 956 2292 vocalis
972 2229 1024 2290 sed
1040 2233 1158 2306 gemitu.

116 2328 149 2380 35
164 2319 259 2396 itaque
284 2320 311 2376 in
331 2318 449 2378 urbibus
470 2327 517 2377 aut
539 2321 654 2378 omuino
677 2320 704 2377 in
722 2319 787 2377 luce
804 2318 883 2375 visus
903 2317 993 2376 dirum
1016 2323 1161 2372 ostentum

158 2411 211 2460 est.
240 2403 416 2478 privatorum
427 2401 558 2461 domibus
571 2403 740 2462 insidentem
753 2401 911 2480 plurumum
924 2400 986 2458 scio
999 2415 1057 2457 non
1068 2397 1192 2457 luisses

158 2485 288 2560 ieralem.
318 2485 398 2543 volat
421 2503 572 2561 numquam
594 2503 650 2563 qno
674 2484 771 2560 libuit,
794 2483 846 2544 sed
863 2494 1046 2544 transversus
1064 2482 1159 2541 auler-

158 2575 212 2624 tur.
244 2564 369 2644 Capitoli
390 2565 493 2627 cellam
515 2570 606 2645 ipsam
627 2570 739 2628 intravit
761 2570 829 2628 Sex.
854 2567 986 2646 Palpelic
1008 2564 1108 2624 Histro
1129 2563 1159 2624 t.

158 2648 284 2708 Pedanio
310 2669 405 2726 coss,
423 2661 547 2732 propter
565 2653 642 2731 quod
662 2653 744 2712 nonis
765 2649 874 2712 Martiis
891 2651 960 2710 urbs
977 2650 1098 2709 lustrata
1117 2658 1161 2708 est

159 2749 195 2792 eo
215 2750 298 2792 anno.
331 2747 335 2752 ·

115 2827 149 2880 36
205 2817 252 2876 13.
279 2817 361 2897 (17.)
384 2819 566 2899 lnauspicata
582 2831 626 2879 est
646 2830 674 2880 et
689 2821 864 2881 incendiaria
880 2820 952 2893 avis,
971 2835 1055 2897 quam
1071 2835 1191 2895 prop-at

158 2911 203 2960 ter
225 2917 433 2978 saepenumero
456 2906 615 2964 lustratam.
632 2903 730 2964 urbem
757 2907 785 2964 in
811 2903 960 2965 annalibus
989 2903 1157 2976 invenimus,

159 2989 232 3044 sicut
248 2984 278 3044 L.
298 2984 400 3046 Cassio
419 2985 450 3046 0.
470 2987 561 3048 llario
585 3007 679 3065 coss,
697 3007 753 3068 quo
770 3005 844 3049 anno
861 2997 889 3047 et
903 2986 1019 3046 bubone
1036 2987 1102 3044 viso
1119 2985 1158 3044 lu-

160 3079 246 3130 strata
264 3079 317 3128 est.
351 3069 433 3144 Quae
449 3074 486 3130 sit
500 3075 560 3133 avis
577 3092 612 3132 ea
628 3091 682 3133 nec
699 3075 844 3151 reperitur
860 3078 917 3131 n'ec
931 3070 1061 3130 traditur.
1099 3070 1158 3147 qui-

159 3155 222 3214 dam
246 3155 284 3214 ita
307 3155 545 3232 interpretantur,
569 3159 772 3217 incendiariam
796 3173 862 3216 esse
886 3171 1086 3234 quaecumque
1112 3153 1158 3212 ad·

159 3240 287 3316 paruerit
306 3239 460 3298 carbonem
476 3240 574 3300 ierens
592 3259 629 3300 ex
647 3244 704 3302 aris
717 3242 764 3300 nel
781 3240 928 3301 altaribus.
964 3238 1013 3297 alii
1036 3241 1192 3316 spirtu-as

158 3325 251 3382 nicem
267 3341 330 3384 eam
352 3334 475 3398 vocant,
499 3325 551 3384 sed
566 3326 640 3385 baec
659 3327 721 3405 ipsa
745 3343 818 3402 quae
841 3335 921 3384 esset
937 3324 1012 3381 inter
1033 3323 1094 3380 aris
1111 3322 1158 3399 qui

118 3412 151 3468 at
163 3424 195 3462 se
219 3408 295 3466 scire
318 3410 429 3469 diceret
451 3426 507 3467 non
531 3410 635 3468 inveni.
675 3412 721 3469 14.
747 3408 866 3468 Glitiam
889 3425 1004 3486 quoque
1024 3423 1106 3464 avem
1122 3401 1157 3461 ab

160 3489 281 3564 antiquis
292 3496 462 3554 nominatam
475 3493 669 3552 animadverto
682 3495 816 3570 ignorari.
839 3493 951 3571 quidam
964 3489 1157 3550 clamatoriam
