2444 3910
159 159 179 220 2
501 168 531 216 c.
548 169 644 218 annu
661 169 810 216 saeuum

160 326 247 402 nihil,
271 325 332 386 sine
349 325 495 399 doctrina,
519 339 576 384 non
590 323 662 397 lari,
685 341 743 384 non
759 322 887 400 ingredi,
906 339 963 382 non
978 323 1079 397 vesci,
1097 321 1170 382 bre·

160 413 292 488 vitorque
313 427 371 468 non
389 407 467 468 aliud
489 415 607 467 naturae
628 417 733 484 sponte
754 425 838 486 quam
857 405 939 466 derc.
971 408 1070 485 itaque
1086 405 1170 465 multi

162 497 300 556 exstitere
316 495 363 572 qui
378 509 436 552 non
449 491 531 556 nasci
542 499 687 568 opmnun
699 499 856 551 censerent
866 501 917 550 aut
929 508 1013 568 quam
1026 491 1168 549 ocissime

133 579 282 642 baboleni.
327 577 374 640 uni
397 575 577 638 animantium
596 575 690 635 luctus
714 585 759 642 est,
779 576 877 650 datus,
906 576 953 634 uni
979 575 1112 649 luxuria,
1138 583 1169 632 et

162 663 275 744 quidem
295 655 550 722 innumerabilibus
571 659 722 720 modis-ac
745 674 799 738 per
819 653 1095 736 singula-membra,
1118 659 1166 716 uni
1178 678 1188 715 s

161 747 292 822 ambitio,
308 747 355 804 uni
370 744 505 817 avaritia,
521 743 568 802 uni
585 745 713 806 inmensa
727 743 842 803 vivendi
858 733 1045 822 cupido,'uni
1060 761 1166 820 snper-

161 833 253 905 stitio,
282 830 330 891 uni
353 825 519 905 sepulturae
543 837 720 908 curratque
745 829 830 887 etiam
851 837 920 906 post
941 845 973 886 se
996 827 1033 886 de
1047 826 1165 885 lutnro.

94 939 98 946 ·
160 915 230 976 nulli
250 914 307 972 vita
328 910 476 987 fragilior,
500 909 568 970 nulli
591 929 687 970 rorum
707 914 830 971 omnium
852 911 941 972 libido
963 913 1071 986 maior,
1097 911 1167 970 nulli

161 1014 252 1078 pavor
275 995 437 1069 confusior,
466 993 536 1053 nulli
559 995 657 1056 rabies
680 997 784 1058 acrior.
829 995 953 1075 denique
978 1004 1080 1054 cetera
1108 995 1165 1054 nnl-

159 1081 263 1140 mantia
280 1079 308 1138 in
324 1095 376 1138 suo
391 1093 501 1155 genere
516 1079 611 1156 probe
631 1079 748 1158 degunt.
794 1079 968 1158 congregari
985 1079 1120 1138 videmus
1139 1086 1195 1137 etit

161 1173 239 1225 stare
257 1171 356 1222 contra
371 1159 528 1222 dissimilia.
573 1163 688 1222 leonum
703 1163 803 1224 feritas
821 1165 896 1224 inter
916 1179 1021 1223 senon
1037 1163 1164 1236 dimicat,

161 1247 338 1326 serpentium
353 1263 467 1306 morsus
482 1263 539 1305 non
553 1249 625 1325 petit
640 1249 802 1326 serpentis,
822 1267 860 1308 nc
875 1250 963 1310 maris
980 1247 1100 1326 quidem
1116 1247 1164 1306 be-

161 1333 226 1394 luae
242 1349 277 1392 ac
293 1333 392 1410 pisces
409 1331 463 1388 nisi
482 1329 639 1392 indiverso
655 1349 764 1408 genera
780 1331 921 1392 saeviunt.
954 1342 998 1407 at,
1022 1329 1163 1405 Hercule,

162 1415 266 1476 bomini
283 1415 413 1494 pluruma
430 1431 467 1474 ex
484 1414 598 1474 homine
615 1425 678 1474 sont
693 1415 776 1476 mala.

135 1507 153 1564 6
223 1498 294 1578 Cap.
311 1499 336 1558 l.
364 1497 401 1558 Et
415 1498 452 1559 de
464 1499 650 1558 universitate
664 1499 781 1578 ¹quidem
796 1501 914 1578 generis
930 1499 1043 1560 bomani
1059 1515 1164 1577 magna
1174 1513 1195 1552 rs

163 1591 303 1661 exparte
327 1583 355 1641 in
380 1583 522 1643 relatione
543 1585 670 1660 gentium
695 1583 826 1642 diximus.
876 1601 971 1662 neque
996 1585 1071 1642 enim
1095 1585 1167 1642 ritus

161 1683 317 1744 moresque
332 1683 406 1726 nunc
421 1665 607 1726 tractabimus
619 1669 782 1728 innumeros
798 1683 832 1726 ac
848 1667 967 1728 totidem
983 1685 1078 1746 paene
1097 1676 1166 1746 quot

79 1798 82 1809 .
163 1759 228 1810 sunt
247 1759 348 1810 coetus
366 1750 527 1825 hominum,
550 1749 690 1828 quaedam
705 1759 800 1811 tamen
817 1751 885 1812 baut
902 1751 1058 1811 omittenda
1076 1749 1165 1824 duco,

134 1889 140 1896 .
161 1851 351 1912 maxumeque
371 1833 485 1911 longius
501 1851 517 1892 a
531 1835 602 1894 mari
620 1833 800 1912 degentium,
824 1835 971 1916 inquibus
995 1834 1168 1914 prodigiosa
1211 1847 1213 1924 p

163 1919 257 1994 aliqua
274 1925 303 1977 et
316 1915 496 1978 incredibilia
510 1918 605 1977 multis
623 1920 714 1978 visum
733 1921 766 1978 iri
783 1917 851 1979 haut
866 1919 974 1979 dubito.
1011 1921 1075 1997 quis
1092 1921 1193 1978 enimn
1211 1927 1213 1968 i

162 2001 323 2080 Aethiopas
339 2009 491 2080 antequam
503 2011 637 2062 cerneret
649 2000 791 2062 credidit?
812 2011 859 2062 aut
875 2001 942 2081 quid
957 2021 1015 2062 non
1026 2001 1167 2062 miraculo

165 2087 311 2161 est,'cum
332 2087 451 2164 primum
476 2087 504 2144 in
526 2085 652 2146 notitiam
675 2083 777 2146 venit?
807 2105 890 2164 quam
912 2085 999 2146 multa
1023 2087 1087 2146 lieri
1111 2103 1168 2146 non

137 2177 253 2250 'dpossc
271 2171 435 2250 priusquam
455 2171 510 2230 siut
525 2170 601 2231 iacta
623 2167 803 2230 iudicantur?
837 2169 964 2230 Naturae
980 2187 1052 2230 vero
1070 2189 1167 2230 rernm

162 2257 207 2316 vis
228 2265 313 2332 atque
329 2256 464 2322 maiestas
482 2255 510 2315 in
528 2255 660 2330 omnibus
679 2255 831 2314 momentis
852 2253 909 2314 lide
932 2265 1030 2332 caret,
1058 2257 1084 2313 si
1103 2257 1166 2333 quis

162 2341 248 2401 modo
271 2341 360 2416 partis
383 2342 445 2400 eius
468 2357 503 2398 ao
525 2356 582 2398 non
600 2347 687 2398 totam
710 2335 910 2417 conplectatur
926 2339 1029 2398 animo.
1061 2357 1099 2398 ne
1118 2355 1192 2417 par-u

161 2439 255 2480 voncs
278 2441 312 2481 ac
334 2423 449 2498 tigrium
465 2423 725 2500 pantherarumque
748 2421 876 2482 maculas
896 2431 926 2481 et
942 2429 987 2481 tot
1004 2423 1165 2484 animalium
1211 2451 1213 2532 p

162 2505 289 2581 picturas
309 2518 538 2578 conmemorem,
566 2521 685 2581 parvom
707 2505 784 2565 dicto
812 2505 864 2566 sed
890 2507 1048 2568 inmensum
1070 2517 1164 2566 aestu·
1212 2535 1213 2570 1

164 2587 304 2662 mationa,
324 2595 366 2646 tot
381 2581 508 2662 gentium
530 2604 694 2663 sermones,
717 2597 759 2649 tot
777 2589 908 2666 linguae,
930 2597 1008 2650 tanta
1026 2589 1165 2673 loquendi
1211 2607 1213 2654 ἢ

136 2671 306 2746 evadetas,
325 2679 355 2728 nt
370 2670 618 2745 externusalicno
634 2687 728 2749 paene
741 2691 800 2734 non
815 2673 985 2734 sithominis
999 2675 1077 2733 vioe.
1113 2677 1164 2734 iarn

163 2754 191 2810 in
218 2751 294 2811 facie
318 2753 457 2832 voltuque
483 2763 582 2814 nostro
610 2772 672 2814 cum
690 2757 748 2816 sint
769 2757 872 2818 decern
898 2768 945 2817 ant
971 2759 1059 2838 paulo
1082 2759 1192 2836 pluratt

163 2835 305 2910 membra,
328 2835 420 2897 nullas
437 2837 507 2897 duas
522 2840 550 2898 in
562 2845 608 2896 tot
620 2837 737 2900 'milibus
754 2842 896 2900 hominum
912 2842 1087 2901 indiscretas
1107 2843 1165 2900 citi·

159 2922 227 2998 gics
242 2920 402 2996 exsistere,
422 2922 499 2999 quod
511 2939 562 2982 ars
579 2922 656 2984 nulla
672 2925 700 2982 in
716 2926 815 3003 paucis
831 2941 951 2985 numero
970 2935 1105 3004 praestet
1121 2923 1165 2984 ad·

162 3002 308 3065 sectando.
352 3002 415 3064 Neo
441 3013 536 3065 tamen
558 3023 616 3084 ego
639 3007 667 3064 in
689 3008 838 3088 plerisque
862 3025 961 3068 corum
986 3007 1166 3088 obstringam

163 3089 249 3148 iidem
263 3103 371 3164 meam,
393 3087 547 3167 potiusque
565 3091 601 3150 ad
615 3095 750 3150 auctores
767 3092 910 3168 relagabo
926 3095 974 3170 qni
991 3091 1085 3152 dubiis
1103 3093 1165 3153 red·

163 3173 266 3233 dentur
287 3171 433 3248 omnibns,
457 3173 604 3232 modone
627 3175 663 3233 sit
686 3173 801 3235 fastidio
828 3175 957 3236 Graecos
978 3178 1062 3255 sequi
1089 3186 1194 3237 tantors

164 3257 273 3316 maiore
289 3271 389 3316 eorum
402 3255 553 3333 diligentia
565 3257 615 3316 vel
632 3273 699 3317 cnra
716 3259 886 3320 vetustiore.
975 3283 978 3298 ν

136 3347 153 3402 9
226 3339 254 3398 2.
273 3335 336 3420 (2.)
359 3335 761 3418 Esse-Scytharumgcnera,
785 3341 943 3420 etquidem
967 3343 1068 3422 plura,
1095 3361 1167 3423 quae

121 3420 339 3505 gilcomoribus
359 3424 489 3484 bumams
514 3433 705 3484 vescerentur
728 3419 923 3484 indicavimus.
955 3425 991 3485 ,tu
1016 3428 1110 3504 ipsum
1129 3429 1167 3486 in·
