2444 3908
293 197 373 250 unu.
394 203 485 252 uma.
504 205 592 258 utut.
611 201 732 257 tto-et.
752 189 901 277 (ae—on)
1032 196 1092 258 109

77 358 146 419 tulo
162 357 248 420 litore
262 359 385 433 oceani,
399 360 428 418 in
441 359 585 420 laconica
606 358 755 437 Europae.
789 359 899 422 Fasces
919 363 987 424 luuic
1005 382 1092 425 secu·

78 461 193 522 resque
209 441 355 503 Romanae
378 445 452 504 uiam
473 444 599 519 iaciunt,
621 444 755 522 idemque
777 462 831 524 pro
846 447 998 510 maiestate
1020 467 1091 527 pue·

79 529 168 588 ritiae
181 537 237 588 est.
259 527 407 603 distinguit
416 527 451 588 ab
463 530 560 606 equite
573 531 690 602 curtam,
701 528 745 588 dis
761 529 918 590 advocatur
930 532 1090 610 placandis,

80 629 257 691 omnemque
269 621 382 672 vestem
396 613 553 688 inluminat,
564 613 593 674 in
604 612 767 691 triumphali
776 615 913 678 miscetur
922 631 1002 676 auro.
1023 635 1091 694 qua·

52 706 209 777 spropter
224 706 364 757 excusata
382 707 412 756 et
432 714 579 778 purpurae
597 698 634 757 sit
648 698 767 758 insanie.
801 697 855 758 sed
871 698 946 758 uude
963 700 1091 775 conchy-

80 783 131 843 liis
148 782 252 859 pretia,
270 782 334 860 quis
345 782 427 842 ¹rima
444 799 535 860 graue
552 783 579 840 in
594 783 673 858 luco,
690 781 774 842 color
790 791 923 842 austerus
940 785 969 847 in
984 785 1091 862 glauco
1140 810 1143 822 ·

80 876 114 926 et
127 867 267 926 irascenti
282 866 388 927 similis
400 863 492 926 marii
518 865 628 944 Lingua
644 884 789 944 purpurae
807 867 985 944 longitudine
1002 869 1135 946 diupi-128

78 951 151 1024 tali,
168 967 226 1028 qua
239 951 368 1028 pascitur
380 950 558 1030 perforando
574 950 688 1028 reliqua
704 952 867 1026 conchylia.
897 960 974 1013 tanta
988 951 1091 1014 duritia

79 1034 189 1095 aculeo
203 1043 257 1094 est.
275 1052 368 1114 aquae
383 1036 539 1096 dulcedine
553 1043 693 1096 necantur
707 1045 737 1094 et
752 1035 846 1096 sicubi
862 1035 968 1097 llumen
987 1039 1091 1098 inmer-

41 1137 70 1180 ro
78 1120 170 1198 gitur,
187 1118 297 1198 alioqui
309 1129 412 1198 captae
426 1131 458 1180 et
468 1120 572 1180 diebus
582 1120 794 1198 quinquagenis
809 1123 910 1181 ιιιοιιι
922 1122 1015 1182 saliua
1028 1140 1089 1184 sua.

80 1202 223 1264 &nahae
249 1219 350 1264 omues
379 1205 533 1271 celerrime
566 1213 718 1278 crescunt,
747 1206 906 1282 praecipue
932 1223 1089 1285 purpurae.

80 1305 159 1350 anno
172 1289 394 1365 magnitudinem
410 1289 530 1368 inplent.

148 1372 232 1452 (61.)
257 1372 343 1447 Quod
359 1374 383 1433 si
398 1375 537 1434 hacteuus
552 1380 731 1431 transcurrat
742 1373 901 1451 expositio,
914 1372 1074 1434 fraudatam
1082 1382 1133 1437 129

81 1456 222 1536 proiecto
235 1475 267 1516 se
280 1457 392 1518 luxuria
406 1457 506 1518 credat
517 1474 629 1534 nosque
642 1455 838 1532 indiligentiae
852 1456 976 1516 damnet.
993 1475 1090 1534 quam·

43 1541 187 1607 mairem
214 1555 427 1620 persequamur
450 1542 535 1602 etiam
559 1540 709 1616 officinas,
739 1550 771 1600 ut
792 1551 936 1620 tamquam
962 1543 991 1600 ia
1013 1543 1091 1601 victu

80 1627 198 1702 frugum
213 1626 344 1686 noscitur
358 1629 433 1687 ratio
449 1627 492 1686 sic
510 1643 610 1686 omnes
625 1624 674 1704 qui
689 1625 752 1684 istis
763 1625 889 1703 gaudeat
905 1627 1033 1704 praemia
1050 1628 1090 1686 ui·

80 1719 131 1770 tae
150 1727 220 1770 suae
238 1711 372 1771 calleant.
418 1708 601 1770 Gonalarum
617 1709 654 1769 ad
672 1727 814 1789 purpuras
827 1719 857 1770 et
869 1709 1022 1785 conchylia
1033 1719 1135 1774 -130

82 1793 186 1855 eadem
208 1796 283 1853 enim
307 1805 353 1856 est
374 1796 510 1870 materia,
539 1795 594 1854 sed
615 1794 703 1854 distat
722 1803 952 1873 temperamento
974 1827 1016 1840 --
1034 1795 1091 1856 duo

81 1887 149 1940 sunt
164 1895 289 1955 genera:
305 1879 439 1940 bucinum
454 1880 548 1942 minor
562 1879 675 1939 coneha
687 1878 722 1938 ad
735 1879 948 1940 similitudinem
961 1880 1023 1939 eius
1036 1897 1092 1957 qua

43 1963 180 2033 sabucini
202 1979 292 2023 sonus
313 1964 425 2039 editur,
447 1964 523 2024 unde
541 1981 630 2024 causa
648 1964 772 2039 nomini,
791 1963 965 2024 rotunditate
984 1965 1044 2023 oris
1063 1965 1093 2024 iu

80 2048 212 2124 margine
232 2049 332 2109 incisa.
362 2048 485 2109 alterum
501 2066 630 2127 purpura
650 2056 775 2108 uocatur
790 2047 954 2108 cuniculato
972 2065 1091 2126 procur—

81 2141 167 2194 rente
184 2143 280 2192 rostro
299 2143 328 2192 et
345 2132 469 2198 cuniculi
486 2132 579 2192 latere
595 2134 737 2191 introrsus
751 2130 900 2206 tabulato,
918 2148 973 2209 qua
989 2149 1090 2210 prose·

80 2225 163 2278 ratur
178 2217 285 2294 lingua.
319 2226 473 2318 praeterea
489 2216 632 2276 clavatum
650 2214 746 2274 estad
760 2213 903 2274 turbinem
917 2231 1008 2292 usque
1024 2233 1091 2276 aeu-

81 2302 162 2362 leis
154 2319 181 2359 ιιι
197 2301 297 2362 orbem
311 2303 440 2381 septenis
455 2301 530 2375 lere,
543 2301 592 2377 qui
606 2308 664 2357 non
679 2296 876 2371 sambucino,
892 2297 945 2358 sed
961 2299 1091 2396 utrisque

44 2385 175 2452 morbos
195 2386 314 2446 totidem
334 2395 405 2464 quot
431 2384 557 2446 habeant
578 2399 678 2443 annos.
710 2381 844 2478 bucinum
864 2383 978 2440 nonnisi
1000 2383 1090 2460 petris

82 2471 266 2531 adlraeret'
241 2489 377 2549 circaque
395 2457 535 2570 scopulos
556 2468 671 2546 legitur

149 2553 199 2614 37.
221 2554 368 2634 Purpurea
380 2557 495 2614 nomiae
506 2553 564 2613 alio
577 2552 712 2632 pelagiae
728 2559 877 2610 uocantur.
910 2567 1008 2610 earum
1023 2569 1074 2628 ge·
1083 2560 1133 2616 lttl

82 2657 156 2699 nera
176 2639 258 2716 plura
281 2638 390 2718 pabulo
412 2649 443 2698 ct
469 2639 533 2698 solo
558 2637 703 2698 discreta:
725 2636 838 2695 lutense
860 2645 945 2713 putre
971 2634 1039 2694 limo
1062 2644 1092 2694 et

82 2725 207 2801 algense
230 2725 383 2784 enutritum
405 2724 490 2800 alga,
512 2722 681 2782 vilissimum
704 2729 865 2798 utrumque.
907 2719 1010 2778 melius
1031 2729 1090 2779 tae·

45 2811 187 2870 mannae
204 2809 233 2866 in
249 2809 454 2868 taeniismaris
472 2807 647 2880 collectum,
670 2805 728 2864 lroc
741 2821 858 2882 quoque
881 2813 977 2864 mmen
993 2805 1091 2862 etiam·

83 2909 151 2953 num
175 2893 270 2952 leuius
296 2901 383 2971 atque
403 2892 530 2952 dilutius.
568 2887 956 2966 calculense-appellatura
977 2886 1090 2946 calculo

82 2979 172 3038 maris
194 2979 267 3036 mire
294 2987 390 3056 aptum
419 2975 596 3050 conchyliis,
626 2982 655 3032 et
679 2972 767 3049 longe
790 2980 936 3069 optumum
958 2971 1091 3049 purpuris

82 3063 264 3134 dialutense,
287 3061 315 3120 id
336 3062 477 3121 estuario
498 3059 554 3118 soli
571 3075 682 3136 genere
704 3064 825 3134 pastum.
859 3056 1133 3152 capiunturau·132

82 3158 142 3208 tem
164 3161 311 3225 purpurae
322 3146 465 3244 ‘parvolis
486 3145 618 3221 rarisque
642 3149 722 3201 textu
750 3141 842 3201 veluti
862 3139 955 3200 nassis
983 3139 1011 3196 iu
1031 3137 1090 3198 alto

46 3232 180 3295 coiectis.
222 3233 298 3289 inest
320 3231 356 3288 iis
377 3247 462 3304 esca,
486 3228 604 3288 clusiles
627 3224 839 3303 mordacesque
864 3222 1008 3308 conchae,
1036 3240 1095 3282 ceu

80 3315 202 3376 mitulos
231 3314 370 3374 videmus
410 3313 462 3374 luas
488 3311 642 3371 seminecis
672 3310 725 3369 sed
753 3310 880 3370 redditas
907 3301 981 3366 mari
1007 3305 1091 3366 avido

80 3401 164 3460 hiatu
175 3400 379 3459 reviviscentis
396 3399 533 3476 adpetunt
552 3412 697 3474 purpurae
717 3394 920 3472 porrectisque
934 3389 1058 3467 linguis
1051 3410 1090 3451 ιιι-

81 3486 203 3546 iestant.
233 3491 262 3544 at
287 3483 356 3546 illae
383 3483 485 3543 aculeo
507 3478 708 3540 exstimulatae
730 3477 863 3540 claudunt
886 3493 954 3534 sese
977 3478 1090 3556 conpri·
1117 3499 1121 3504 ·
