2444 3908
272 201 352 248 nun
366 199 457 248 urso.
475 199 549 247 vur
567 195 687 250 ιιι-43
706 195 825 251 ‹ts-es
1009 189 1048 250 73

17 363 234 456 praereptum
250 353 366 430 habeat,
381 355 516 416 uliactu'
507 373 535 414 ru
550 355 659 415 rabiem
675 355 703 414 id
715 371 808 432 genus
824 355 928 431 agitur
945 358 1048 418 amissa

22 442 213 520 parente-iu
230 457 322 517 grege
337 441 457 500 armenti
472 440 603 518 reliquae
618 439 696 499 fetae
709 439 833 498 educant
847 437 958 499 orbum.
977 440 1047 501 Ter-

20 543 95 584 ram
121 526 271 602 attingere
293 539 346 583 ore
361 523 456 583 triduo
480 539 620 602 proxumo
645 523 784 600 quamsit
804 524 920 620 penitus
940 536 1048 602 negant

22 627 141 688 posse.
176 609 315 688 qusquis
333 609 429 667 acrior
452 607 622 667 inhibendo
636 607 814 704 profundius
835 607 912 666 naris
932 612 1046 686 mergit.

23 696 172 769 Scythae
188 692 337 771 perbelle
353 693 466 762 feminis
482 693 522 751 uti
538 694 655 767 malunt,
680 693 813 806 quoniam
833 693 940 750 urinam
960 711 1046 753 eursu

23 795 92 838 non
111 779 246 856 inpedito
263 776 392 836 reddant.

103 863 195 940 (67.)
220 860 364 920 Constat
356 879 383 919 un
400 859 543 920 Lusitania
559 863 636 920 eirea
652 859 831 938 Olisiponem
848 859 984 939 oppidum
1002 870 1091 928 ettfie

26 947 154 1024 'rugum
170 963 281 1006 amnem
296 963 386 1022 equas
400 943 528 1004 Favonio
549 945 635 1004 dante
652 944 793 1005 obversas
811 945 962 1004 animalem
978 962 1045 1006 cun·

27 1033 143 1110 cipere
173 1032 317 1110 spiritum,
342 1030 429 1108 idque
451 1038 562 1107 partum
582 1030 644 1089 iieri
666 1039 695 1088 et
713 1030 792 1106 gigni
819 1030 1046 1107 pernicissimum

12 1118 89 1190 uita,
111 1115 167 1174 sed
189 1115 339 1174 triennium
359 1116 436 1174 vitae
462 1131 520 1173 non
538 1114 694 1195 excedere.
726 1117 754 1171 in
783 1114 885 1174 eadem
911 1113 1047 1192 Hispania

31 1199 174 1260 Gallaiea
187 1217 260 1276 gens
272 1208 317 1258 eet
332 1208 362 1258 et
376 1198 520 1257 Asturica.
541 1199 637 1276 equini
651 1199 778 1274 generis,
791 1231 832 1244 --
847 1198 875 1257 hi
891 1207 959 1257 sunt
972 1216 1046 1276 quos

30 1283 208 1344 thieidones
226 1300 373 1357 vocamus,
397 1284 507 1342 minore
520 1282 612 1341 foruna
629 1282 793 1360 appellatos
804 1291 986 1358 asturcones,
1007 1317 1043 1328 --

33 1369 165 1444 gignunt
183 1367 285 1445 quibus
306 1383 364 1426 nou
384 1367 515 1443 volgaris
539 1368 567 1426 in
589 1384 673 1426 cursu
692 1366 800 1444 gradus
825 1366 878 1425 sed
893 1366 989 1426 mollis
1003 1368 1045 1426 el-

32 1462 127 1510 terno
143 1469 255 1510 crurum
271 1451 416 1529 explicatu
433 1451 617 1527 glomeratio,
629 1452 704 1510 unde
717 1451 799 1530 equis
815 1451 926 1510 tolutim
938 1467 1046 1529 capere

11 1536 187 1596 sincursum
202 1535 321 1594 traditur
333 1531 409 1594 arte.
431 1535 516 1611 Equo
530 1535 593 1594 iere
608 1537 657 1614 qui
673 1533 778 1594 homini
794 1535 896 1609 morbi,
916 1545 1045 1613 praeter-

35 1637 99 1698 que
116 1621 235 1678 vesicae
252 1621 417 1694 conversio,
435 1623 509 1678 sieut
525 1620 656 1678 omnibus
673 1621 701 1678 iu
716 1637 826 1696 genere
842 1622 985 1683 veterino.

104 1703 157 1764 43·
182 1701 266 1781 (68.)
295 1704 414 1764 Asinum
439 1707 523 1766 cotio
551 1704 664 1764 milibus
681 1722 822 1764 nummum
835 1713 959 1782 eruptum
987 1703 1022 1777 Q.
1037 1711 1087 1766 167
1179 1777 1182 1788 ¹

37 1786 119 1845 Axio
144 1789 270 1846 senatori
299 1797 400 1847 auctor
426 1799 471 1848 est
485 1788 533 1848 -Μ,
559 1789 669 1864 Varro,
694 1790 761 1849 haut
782 1790 844 1848 seio
868 1806 903 1848 ao
922 1789 1045 1847 omnium

37 1872 139 1950 pretio
164 1871 322 1931 animalium
344 1875 432 1931 victo.
474 1890 565 1952 opera
592 1875 653 1932 sine
677 1873 763 1933 dubio
788 1875 890 1950 generi
914 1873 1044 1946 miriiiea,

9 1955 152 2017 sanando
169 1973 302 2033 quoque,
325 1957 377 2016 sed
394 1957 531 2016 mularum
552 1975 684 2018 maxume
705 1960 963 2036 progenerandum
995 1974 1045 2034 pa·

38 2040 97 2098 tria
113 2040 198 2098 etiam
210 2049 359 2117 spectetur
377 2043 404 2099 in
420 2041 475 2116 iuis,
488 2041 640 2101 Arcadicis
655 2044 682 2100 iu
692 2042 813 2118 Achaia,
827 2044 855 2101 in
872 2042 954 2102 ltalia
970 2039 1045 2100 Rea·

39 2124 118 2182 tinis.
136 2125 227 2201 ipsum
242 2125 344 2183 animai
363 2125 480 2201 frigoris
502 2143 632 2184 maxume
648 2128 800 2204 inpatiens.
833 2123 900 2186 ideo
920 2143 977 2185 nun
993 2131 1051 2201 ged

39 2217 159 2267 neratur
173 2209 202 2266 in
219 2206 326 2282 Ponto,
350 2227 405 2267 nec
421 2210 603 2286 aequinoctio
619 2226 711 2268 verno
727 2219 758 2267 ut
775 2219 874 2269 cetera
888 2227 981 2287 pecua
995 2208 1043 2267 ad-

41 2292 169 2366 mittitur,
189 2291 241 2350 sed
257 2293 392 2352 solstitio.
431 2291 527 2351 Mares
549 2294 577 2350 in
598 2293 770 2352 remissione
786 2295 889 2370 operis
900 2293 1087 2353 detento-168

9 2391 103 2440 seres.
124 2383 222 2452 partus
237 2393 253 2434 a
270 2377 418 2436 tricesimo
433 2394 533 2435 mense
549 2377 718 2452 ocissimus,
745 2377 797 2436 sed
811 2393 829 2435 a
844 2378 956 2436 trimatu
971 2375 1043 2451 legi-

43 2462 137 2520 timus.
162 2460 282 2541 totidem
294 2469 364 2538 quot
377 2477 471 2537 equae
484 2470 513 2519 et
527 2461 638 2520 eisdem
654 2461 800 2520 mensibus
813 2470 842 2519 et
854 2461 937 2520 simili
946 2459 1043 2521 modo.

45 2544 98 2604 sed
119 2545 298 2605 incontinens
317 2554 417 2604 uterus
439 2547 520 2604 urina
537 2545 665 2622 genitale
686 2545 796 2620 reddit,
820 2546 848 2603 ni
871 2553 992 2622 cogatur
1017 2545 1045 2602 in

46 2629 344 2690 cursumverberibus
360 2648 376 2689 a
394 2631 481 2689 cuitu.
513 2647 579 2689 raro
594 2632 726 2706 geminos
741 2630 825 2708 parit.
857 2631 984 2708 paritura
1002 2629 1043 2688 iu·
1104 2681 1108 2686 .

46 2731 108 2773 cetu
125 2713 197 2790 fugit
221 2725 251 2774 et
266 2713 403 2774 tenebras
424 2715 554 2791 quuaerit,
584 2733 621 2772 ne
643 2716 837 2792 conspiciatur
858 2713 893 2772 ab
917 2712 1043 2772 homine.

11 2797 134 2875 „gignit
147 2806 206 2856 tota
219 2799 277 2858 vita
295 2815 368 2876 quae
387 2807 432 2857 est
447 2801 474 2858 ei
490 2797 525 2857 ad
541 2800 717 2875 trigesimum
735 2816 846 2858 antrum.
863 2797 964 2858 Partus
981 2815 1028 2857 ca·
1037 2803 1087 2857 169

45 2883 113 2942 ritas
129 2899 252 2959 summa,
272 2882 323 2942 sed
339 2897 476 2960 aquarum
496 2883 620 2942 taedium
645 2884 744 2942 maius.
773 2900 827 2960 per
851 2885 925 2959 ignis
944 2882 979 2942 ad
1000 2881 1043 2940 fe-

45 2975 91 3025 tus
103 2965 227 3025 tendunt.
264 2967 395 3041 eaedem,
430 2969 454 3025 si
471 2968 551 3025 rivos
566 2969 704 3025 minumus
720 2967 850 3041 intersit,
869 2966 990 3025 horrent
1004 2967 1043 3022 ita

45 3057 75 3108 ut
87 3049 176 3126 pedes
198 3051 313 3110 omnine
340 3059 463 3110 caveant
477 3051 619 3127 tinguere.
645 3068 700 3109 nec
720 3051 775 3109 nisi
790 3051 928 3110 adsuetos
945 3056 1044 3127 potant

45 3133 217 3213 fortisquae
233 3144 298 3194 sunt
313 3137 340 3194 in
356 3135 500 3213 pecuariis
516 3143 603 3212 atque
619 3137 656 3192 ita
671 3143 702 3192 ut
718 3135 799 3194 sicco
811 3135 924 3193 tramite
940 3133 975 3192 ad
991 3147 1043 3210 po·

14 3227 101 3278 tetum
118 3227 191 3278 eant.
214 3237 270 3296 nec
285 3220 381 3298 pontis
397 3226 546 3278 transeunt
558 3233 612 3296 per
629 3220 774 3278 raritatem
789 3233 888 3278 eorum
900 3216 1042 3276 traducen-

45 3301 118 3363 tibus
133 3302 235 3361 duviis.
258 3306 418 3382 mirumque
440 3304 534 3377 dictu,
551 3304 647 3362 sitiunt
662 3311 707 3378 et,
729 3303 755 3362 si
777 3309 919 3370 mutentur
938 3317 1042 3378 oquae,

45 3395 74 3446 ut
88 3385 181 3444 bibant
203 3388 355 3464 cogendae
377 3387 581 3448 exorandaeve
600 3396 674 3446 sunt.
713 3405 769 3446 uec
788 3388 842 3446 nisi
864 3386 993 3463 spatiosa
1015 3386 1042 3444 io

48 3469 138 3530 cubitu
157 3470 269 3532 laxitas.
296 3472 375 3531 varia
394 3489 517 3550 namque
540 3487 641 3530 somno
656 3473 718 3530 visa
735 3471 900 3548 concipiunt
915 3470 973 3528 ictu
991 3486 1041 3547 pe-
