2444 3908
145 187 202 247 104
489 196 519 243 0.
537 195 632 242 emm
649 193 799 242 ssconnr

140 351 319 411 uolutatione
336 351 434 428 spinas
451 359 588 412 atterere.
606 381 648 396 --·
661 349 740 427 quod
757 347 804 408 ubl
820 347 921 408 videre
937 339 1063 425 nautici,
1086 358 1146 409 sta-

140 437 189 494 tirn
204 433 333 512 pluribus
349 435 464 494 ancoris
480 434 594 512 navigia
609 433 762 492 infrenant.

98 531 147 584 101
205 517 253 578 32.
272 517 304 578 ln
316 519 420 579 eodem
427 535 541 595 genere
552 516 674 578 cocleae
683 517 825 594 aquatiles
834 526 1050 594 terrestresque
1060 535 1147 577 exse·

140 611 237 662 rentes
253 621 287 662 se
303 602 450 662 domicilio
464 601 589 681 binaque
607 619 662 660 ceu
678 618 786 660 cornua
802 601 1012 680 protendentes
1030 609 1147 660 contra·

140 687 312 765 lentosque.
330 686 423 746 oculis
437 697 545 761 carent,
558 687 656 763 itaque
670 685 825 745 corniculis
835 694 1047 765 praetemptant
1063 688 1129 745 iter.
1155 703 1169 742 n

204 769 254 831 33.
278 771 414 830 Pectines
429 771 458 828 in
472 771 542 830 mari
557 787 598 830 en
612 768 716 830 ecdem
730 786 842 846 genere
858 769 1016 845 habentur,
1040 787 1147 829 recou-

62 897 68 910 .
139 855 189 916 diti
211 864 241 913 et
265 855 320 932 ipsi
348 855 459 930 magnis
481 853 639 932 frigoribus
659 871 694 913 ac
714 855 824 930 napis
848 853 993 929 aestibus,
1018 868 1146 931 ungues·

140 955 197 1018 que
212 937 292 1000 velut
305 939 371 1014 igne
383 937 515 998 lucentes
529 938 707 1014 intenebris,
723 939 809 997 ctiam
820 939 848 996 in
864 955 916 998 ore
928 939 1131 998 mandentium.

98 1033 148 1087 lot
219 1019 304 1099 (52.)
327 1020 475 1082 Firmlon's
486 1024 541 1085 inm
553 1029 648 1082 testae
659 1023 783 1081 murices
796 1031 826 1081 et
837 1023 1145 1098 conclra'rnrngeuera,

139 1108 167 1165 iu
183 1105 287 1184 quibus
303 1123 406 1183 magua
424 1106 548 1166 ludentis
561 1116 681 1166 naturae
695 1106 834 1166 varietas.
870 1115 918 1166 101.
935 1106 1067 1166 colorum
1090 1106 1145 1166 dil·
1155 1123 1176 1164 ιι

139 1190 292 1265 ferentiae,
308 1199 352 1249 tot
366 1191 477 1267 figurae
492 1191 604 1270 planis,
615 1190 774 1266 coucnvls,
792 1190 906 1266 longis,
921 1189 1036 1265 lunatis,
1053 1193 1083 1249 in
1097 1207 1146 1250 or·

141 1274 206 1344 beru
221 1276 414 1351 circumactis,
429 1275 544 1336 dimidio
561 1275 633 1335 orbe
649 1275 763 1350 caesis,
780 1276 809 1333 in
822 1274 939 1334 dorsum
954 1274 1056 1349 elatis,
1074 1275 1146 1334 levi-

140 1358 205 1434 bns,
221 1361 348 1436 rugatis,
365 1359 564 1434 denticulatis,
584 1361 702 1433 strictis,
724 1360 836 1418 vertice
850 1359 1011 1418 muricatim
1025 1360 1146 1432 intorto,

139 1444 268 1520 margine
291 1446 319 1503 in
335 1461 502 1504 mucronem
519 1445 643 1518 emisso,
668 1443 741 1502 loris
761 1443 870 1518 effuso,
892 1444 968 1500 intus
988 1443 1145 1521 replicato,

99 1529 214 1590 103iam
228 1527 410 1586 distinctione
429 1528 583 1605 virgulata,
602 1528 712 1601 crinita,
735 1529 831 1605 erispa
844 1527 1176 1604 capitulatim-pectine

139 1611 225 1668 natim
245 1611 352 1686 divisa,
381 1609 549 1670 imbricatim
565 1610 686 1684 ondeta,
710 1611 895 1670 cancellatim
920 1611 1090 1685 reticulata,
1118 1613 1146 1669 in

140 1691 299 1772 obliquum,
311 1693 340 1751 in
351 1703 462 1754 uectium
474 1711 614 1773 expansa,
627 1693 759 1770 densata,
770 1702 917 1774 porrecta,
927 1696 1049 1769 sinuata,
1062 1694 1146 1754 brevi

140 1777 217 1836 nodo
230 1776 350 1852 ligatisp
363 1786 425 1837 toto
441 1779 533 1838 latere
552 1779 690 1852 comnis,
705 1777 742 1838 ed
756 1779 888 1856 plausum
904 1779 1024 1857 apertis,
1042 1779 1080 1838 ad
1095 1779 1146 1838 bu·

140 1861 234 1920 cirrum
259 1861 400 1920 recurvis.
436 1863 572 1940 namguut
595 1881 636 1922 ex
657 1862 701 1922 his
721 1857 882 1937 Veneriae,
909 1862 1146 1942 praebentesque

140 1961 298 2004 concavum
313 1945 357 2005 sui
370 1954 483 2024 partem
499 1957 529 2006 et
544 1965 631 2006 aurae
643 1956 829 2025 opponentes
841 1963 897 2025 per
912 1965 1019 2007 suumn
1035 1952 1176 2026 aequo-²⁰

139 2045 201 2088 rum
218 2028 374 2090 velificant.
408 2031 513 2092 saliunt
538 2032 670 2110 pectines
693 2039 723 2090 et
745 2040 828 2090 extre
843 2031 982 2106 uolitant,
1006 2049 1102 2108 seque
1116 2039 1146 2090 et

140 2114 196 2190 ipsi
212 2115 351 2174 cariunut.
966 2184 968 2189 ,

98 2207 150 2260 101
210 2197 262 2259 34.
295 2198 379 2278 (53.)
412 2199 472 2260 Sed
487 2199 557 2278 quid
580 2199 654 2259 baec
674 2208 732 2258 tarr
748 2215 837 2276 parva
853 2204 1057 2274 concremaro,
1083 2218 1147 2260 curn

138 2281 288 2362 populatio
320 2301 431 2343 morum
453 2293 540 2362 atque
561 2284 675 2344 lonurin
695 2299 753 2341 non
775 2281 888 2342 aliunde
911 2284 1001 2342 maior
1022 2300 1109 2361 quam
1122 2301 1146 2346 ,e

139 2365 315 2428 concharum
330 2385 441 2445 genere
457 2366 631 2446 proveniat?
647 2367 705 2428 lem
721 2365 836 2444 quidem
852 2385 890 2426 ex
905 2375 966 2426 tota
983 2385 1081 2426 rerum
1096 2374 1177 2428 nait

139 2457 201 2508 turn
216 2451 464 2510 damnosissimum
486 2453 580 2510 nentri
600 2467 680 2511 mare
702 2459 750 2510 est
769 2459 812 2510 tot
834 2450 943 2528 modis,
966 2459 1011 2510 tot
1026 2451 1146 2524 mensis,

139 2539 183 2589 tot
202 2533 324 2608 piscium
340 2533 511 2611 saporibus,
527 2536 591 2612 quis
612 2536 707 2612 pretia
723 2535 895 2613 capientlum
911 2534 1044 2612 periculo
1067 2535 1146 2594 liunt.

99 2624 149 2676 105
161 2613 212 2673 35.
235 2614 289 2674 sed
305 2624 392 2692 quota
414 2616 488 2677 haec
501 2618 598 2696 portio
614 2628 659 2678 est
672 2618 873 2696 reputantibus
893 2636 1054 2697 purpuras,
1077 2637 1146 2678 com

140 2696 691 2780 chplia,1nargaritas?parumscilicet
704 2703 799 2766 luerat
810 2704 839 2763 in
850 2703 933 2780 gulae
946 2701 1031 2762 condi
1044 2705 1147 2777 mama

139 2781 194 2840 nisi
207 2781 348 2859 manibus,
365 2784 492 2862 nuribus,
510 2787 606 2864 eapite
619 2795 742 2864 totoque
757 2803 883 2865 corpore
902 2805 918 2846 a
933 2786 1048 2846 leminis
1063 2787 1145 2846 iuxta
1155 2795 1178 2836 ³⁰

140 2866 268 2946 virisque
288 2875 482 2943 gestarentm.
519 2865 592 2949 *rid
613 2871 685 2932 mari
706 2889 771 2932 curo
793 2870 940 2944 vestibus,
968 2869 1037 2948 quid
1062 2871 1149 2932 undis

142 2949 338 3028 fluctibusque
352 2969 416 3011 cnm
429 2953 567 3014 vellere‘l
580 2972 638 3014 nou
654 2965 737 3015 recte
750 2955 857 3033 recipit
879 2955 952 3014 haee
974 2970 1029 3013 nos
1050 2971 1149 3014 rerum

142 3044 243 3094 natura
263 3035 317 3094 uisi
340 3035 442 3096 nudos.
486 3047 569 3116 esto,
595 3041 632 3098 sit
652 3049 731 3102 tauta
752 3041 845 3100 ventri
859 3055 925 3098 oum
940 3050 977 3096 eo
999 3038 1147 3110 societas!

139 3119 209 3196 quid
225 3117 357 3196 tergori?
377 3122 552 3198 parentent,
573 3124 627 3183 nisi
649 3125 698 3202 qni
718 3125 864 3184 vescimur
890 3121 1031 3201 periculis
1058 3121 1148 3182 etiam

138 3205 304 3263 vestiamur.
340 3203 415 3264 adeo
437 3223 492 3283 per
510 3199 600 3268 totuin
622 3225 730 3286 cerpus
752 3207 844 3266 anima
866 3205 988 3266 hominis
1013 3206 1179 3282 quaestura

139 3301 271 3346 mamma
289 3288 416 3365 placent.
690 3285 692 3290 ’

98 3375 150 3428 lot
213 3370 296 3450 (54.)
318 3372 491 3452 Principium
512 3390 585 3450 ergo
600 3375 793 3458 columenque
809 3373 934 3436 omnium
954 3389 1051 3433 rerum
1069 3371 1147 3450 preti

139 3455 311 3526 margaritae
326 3465 433 3519 tenent.
463 3456 579 3520 Indicus
595 3457 795 3521 munerebus
814 3459 898 3520 mittit
917 3473 1049 3521 oceanus
1070 3457 1147 3516 iuter
