2444 3908
254 199 334 244 nnu.
355 199 446 250 arar.
465 197 539 244 urar.
559 193 678 248 29-32.
699 184 846 269 (le—ee.)
957 201 961 206 ·
1005 183 1044 251 63

98 353 191 433 (49.)
216 353 322 413 Similis
346 361 375 412 ct
397 353 487 413 vitulo
506 353 614 412 marino
633 354 725 412 victus
750 355 778 411 in
801 357 871 415 mari
886 375 920 416 ac
939 367 1086 433 terualli

16 439 133 500 simile
150 438 232 497 libris
247 446 276 496 et
296 439 453 514 ingenium.
473 439 579 518 evomit
593 437 636 507 lel
657 455 738 498 suum
755 437 791 498 ad
811 438 897 499 multa
919 441 1043 502 medica·

18 533 136 585 menta
161 522 249 596 utile,
271 523 339 580 item
362 521 513 598 coagulum
530 523 565 582 ad
580 522 731 584 comitialis
747 521 881 597 morbos,
906 525 944 584 ub
961 543 1044 586 ease

18 608 95 688 peti
114 607 254 686 prudens.
278 605 496 684 Theophrastus
518 602 681 666 auctorest
701 608 802 683 anguis
821 608 954 668 modoet
975 611 1043 670 stel-

19 695 135 754 liones
160 699 341 752 senectutem
366 708 475 750 exuere
492 692 588 767 itaque
615 691 743 768 protinus
773 691 916 752 devorare
935 697 1043 770 praeri-

20 777 150 857 pientis
170 774 307 835 conritiali
322 774 423 834 morbo
441 774 581 835 remedia.
598 775 717 834 eosdem
732 775 863 854 pestiferi
880 777 906 836 in
923 776 1044 839 Graecia

21 877 156 922 morsus
173 861 315 919 innocuos
333 877 400 918 esse
413 861 441 918 in
457 859 565 919 Sicilia.
698 873 700 880 ’

100 943 155 1006 32.
174 943 259 1023 (50.)
284 937 388 1003 Cervis
406 961 523 1022 quoque
537 951 583 1002 est
598 961 649 1004 sua
666 943 841 1022 malignitas,
859 962 1027 1022 quamquam
1038 957 1087 1008 112

24 1028 240 1110 placidissimo
257 1027 428 1087 animalium.
460 1037 602 1106 urguente
617 1030 646 1088 vi
662 1045 763 1089 canum
779 1028 854 1088 ultro
878 1029 1045 1105 coniugium

10 1115 71 1176 tad
96 1113 261 1188 bominem,
280 1121 310 1172 et
330 1114 358 1173 in
379 1113 519 1190 pariendo
542 1115 660 1174 semitas
678 1114 769 1172 minus
792 1123 895 1174 cavent
917 1109 1065 1174 humanis'

26 1198 176 1274 vestigiis
192 1198 272 1257 tritas
295 1193 379 1274 quam
397 1207 512 1258 secreta
532 1215 568 1258 ec
586 1191 659 1256 leri!
681 1207 853 1275 opportuna.
878 1207 1058 1276 ,conceptus

29 1300 141 1344 earam
157 1291 224 1361 pest
240 1282 346 1341 arcturi
362 1281 450 1341 sidus.
479 1283 591 1341 octonis
607 1280 753 1340 mensibus
768 1281 864 1340 lerunt
879 1291 987 1358 partus,
1003 1284 1043 1344 m·

29 1368 126 1428 terim
140 1375 169 1426 et
191 1367 332 1442 geminos.
366 1374 542 1441 acunceptu
565 1375 700 1443 reparant
717 1384 761 1440 se,
785 1375 812 1424 at
834 1383 928 1424 mares
948 1366 1044 1427 relicti

29 1451 124 1512 rabie
137 1449 264 1511 libidinis
280 1450 421 1526 saeviunt,
445 1449 556 1510 fodiunt
578 1449 702 1514 scrobis.
734 1459 802 1509 turre
825 1457 920 1509 rostra
940 1449 1065 1524 ,eurum

10 1539 221 1612 unigrescuut,
238 1535 332 1596 donec
346 1533 434 1612 aliqui
450 1533 566 1595 abluant
581 1533 698 1594 imbres.
731 1534 854 1594 lemicae
870 1543 964 1594 autem
979 1545 1044 1595 ante

31 1629 155 1700 partum
179 1628 337 1698 purgantur
356 1617 447 1678 herba
469 1619 590 1696 quadam
605 1634 679 1697 quae
705 1619 811 1678 seselis
833 1619 946 1693 dicitur,
971 1619 1044 1678 iaci·

32 1707 117 1766 liore
135 1703 173 1764 ita
189 1709 305 1764 utentes
320 1713 414 1762 utero.
444 1721 461 1762 e
476 1711 559 1781 partu
576 1704 663 1780 duas,
688 1719 762 1783 quae
780 1712 890 1764 tamnus
910 1713 940 1763 et
964 1721 1043 1766 sese·

34 1790 77 1850 lis
94 1787 290 1866 appellentur,
310 1796 412 1867 pastae
423 1787 546 1848 redeunt
558 1788 594 1848 ad
605 1788 702 1850 letum.
719 1787 776 1848 illis
793 1787 871 1847 iabui
888 1789 972 1848 laetis
986 1789 1043 1866 pri·
1069 1783 1073 1794 '
1102 1817 1105 1830 ν

35 1889 106 1934 mes
118 1871 220 1932 uolunt
234 1889 322 1934 succa
340 1889 520 1950 quacumque
537 1872 686 1934 decanea.
719 1872 812 1934 editor
830 1881 929 1950 partus
945 1882 1088 1936 exer-113

10 1965 110 2022 scent
132 1973 217 2016 cursu
239 1965 269 2016 et
289 1956 385 2033 lugam
405 1955 539 2024 meditari
560 1956 681 2032 docent,
702 1957 738 2020 ad
760 1965 915 2036 praerupta
939 1957 1045 2017 ducunt

37 2041 207 2119 saltumque
223 2039 427 2102 demonstrant.
456 2041 511 2100 iam
533 2059 627 2100 mares
646 2041 732 2100 soluti
756 2041 902 2102 desiderio
919 2040 1044 2119 libidinis

38 2125 128 2188 avide
147 2132 248 2202 petunt
262 2123 379 2202 pabula.
410 2123 458 2184 ubi
482 2143 515 2183 se
540 2126 729 2203 praepinguis
752 2141 892 2201 sensere,
917 2124 1045 2186 latebras

40 2218 185 2290 quaeruut
205 2208 331 2268 fatentes
351 2208 562 2270 incommodum
581 2207 704 2287 pondus.
738 2217 769 2266 et
790 2209 861 2268 alies
885 2226 1002 2285 semper
1017 2209 1044 2267 in

40 2295 114 2371 luga
138 2293 328 2372 adquiescunt
350 2301 519 2370 stantesque
541 2293 715 2369 respiciunt,
738 2309 802 2350 cum
822 2309 916 2369 prope
930 2301 1044 2353 ventum

10 2388 109 2453 esest,
124 2393 224 2438 rursus
239 2377 326 2454 lagae
345 2375 490 2456 praesidia
508 2384 688 2454 repetentes.
720 2373 777 2444 laec
798 2376 828 2435 lit
851 2377 978 2436 intestini
990 2375 1045 2438 alc·
1082 2390 1083 2393 ’

42 2465 110 2524 lore
135 2471 190 2522 tam
211 2461 323 2535 infirmi,
339 2471 369 2521 ut
385 2461 442 2522 ictu
457 2460 516 2520 levi
531 2469 677 2538 rumpatur
693 2461 780 2520 intus:
807 2460 920 2537 lugiunt
936 2469 1088 2525 auternlll

43 2549 149 2608 latratu
157 2565 257 2606 cauum
264 2545 360 2605 audito
376 2546 503 2607 secunda
516 2563 719 2623 sempmanm,
731 2545 894 2622 utvestigia
903 2547 1044 2624 cumipsis

44 2631 159 2692 abeant.
190 2630 350 2690 mulcentur
376 2629 472 2690 fistula
494 2631 634 2708 pastorali
656 2639 687 2690 et
710 2639 803 2689 cantu.
833 2647 898 2688 curn
921 2648 1045 2690 erexere

46 2733 143 2789 aurea,
156 2715 288 2774 acerrimi
300 2713 500 2790 saubauditur,
514 2715 740 2800 currarepnisere7
754 2713 841 2773 surdi.
868 2723 969 2775 cetero
987 2717 1044 2774 ani·

13 2814 37 2856 au
45 2799 104 2860 mal
118 2799 240 2877 simplex
267 2807 297 2857 et
313 2799 436 2858 omnium
453 2817 549 2859 rerum
563 2799 704 2860 miraculo
720 2807 839 2876 stupens
850 2799 878 2856 in
893 2807 998 2858 tanturn
1014 2809 1045 2858 ut

48 2898 126 2962 eque
144 2892 191 2942 aut
203 2882 309 2943 bucula
326 2883 487 2943 accedente
504 2884 623 2962 propius
641 2883 784 2943 homiaem
801 2883 879 2942 iuxta
894 2893 1045 2946 venantem

47 2985 106 3028 acu
121 2975 237 3026 cernant
249 2976 307 3042 aut,
331 2968 355 3026 si
370 2976 498 3042 cernant,
520 2985 617 3028 arcum
639 2970 732 3045 ipsum
748 2968 926 3044 sagittasque
941 2967 1044 3025 miren-

48 3063 104 3112 tur.
134 3052 220 3112 maria
239 3061 380 3113 trameant
395 3052 538 3128 gregatim
553 3061 654 3112 nantes
678 3061 817 3130 porrecto
834 3051 935 3111 urdine
953 3059 981 3109 et
999 3067 1044 3108 ca·

49 3139 109 3216 pita
128 3138 300 3214 inponentes
321 3135 556 3212 praecedentium
573 3135 703 3195 clunibus
725 3135 894 3212 vicibusque
912 3133 947 3193 ad
962 3144 1044 3210 terga

20 3221 213 3281 uredeuntes.
242 3220 299 3279 hoc
321 3237 451 3280 maxume
466 3228 610 3280 nutatura
629 3218 730 3279 Cilicia
752 3217 876 3297 Cyprum
891 3218 1044 3277 traicienti·

49 3306 112 3368 bus.
137 3323 191 3364 nee
208 3304 306 3364 vident
323 3311 427 3380 terras,
445 3303 497 3365 sed
511 3305 538 3363 in
554 3304 645 3364 odore
663 3321 760 3364 earum
775 3311 880 3363 natant.
912 3299 1088 3364 uornuans

50 3387 280 3462 marchaliam,
298 3388 412 3466 salique
435 3388 595 3449 animalium
618 3388 747 3449 omnibus
774 3388 852 3446 aunis
875 3395 950 3445 stata
967 3389 1044 3446 veris

51 3484 180 3552 ternpore
197 3472 334 3533 amittunt.
368 3473 434 3534 ideo
453 3472 506 3534 sub
521 3474 576 3532 ista
598 3470 644 3533 die
663 3489 746 3551 quam
758 3487 888 3531 maxume
904 3471 979 3531 invia
995 3487 1045 3549 pe-
