2482 3910
316 221 402 278 'usu
423 227 514 277 unsa.
535 229 583 280 xa.
606 225 651 282 37.
675 212 825 300 (tt—as.)
906 291 908 298 s
1016 219 1075 282 193

2 417 3 438 r
70 383 152 448 nullo
168 383 309 464 pondere,
326 383 484 461 singulare,
498 392 527 444 ut
539 391 648 464 putant,
663 369 820 446 remedium
836 401 925 465 aegre
941 388 1075 466 parienti-

2 495 3 522 ÷
71 471 138 546 bus,
157 470 182 529 si
198 469 332 530 tellurem
348 485 405 527 non
420 468 556 546 attigerit.

2 571 3 606 t
48 624 53 629 .
132 550 408 634 (sopventrtcnms
428 559 514 632 atque
528 553 661 614 intestina
676 554 773 633 pingui
788 571 823 612 ac
838 553 916 613 tenui
936 565 1051 616 omento
1065 565 1118 621 aot

70 641 239 716 integuntur
251 646 453 716 praeterquam
469 655 525 698 ora
541 637 736 716 gignentibus.
753 637 826 698 lluic
841 638 1003 698 adnectitur
1016 640 1076 700 lien
1115 653 1124 686 t

48 725 100 783 tin
116 723 233 782 sinistra
253 729 337 800 parte
358 721 498 781 adversus
520 721 628 798 iecori,
653 738 716 783 cnm
737 739 794 802 quo
809 722 905 784 locum
921 723 1075 801 aliquando

2 841 3 862 2
71 815 226 888 permutat,
243 805 296 866 sed
316 803 495 884 prodigiose.
514 807 627 885 quidam
644 824 708 867 eum
723 815 822 886 putant
837 807 935 868 inesse
953 824 1007 867 ova
1025 826 1074 887 pa·

66 889 230 966 cientibus,
245 891 315 949 item
330 888 514 969 serpentibus
531 889 682 951 admodum
698 893 841 969 exignum.
871 891 911 951 ita
930 901 1009 952 certe
1026 892 1074 952 ad·

2 1017 3 1022 κ
72 983 158 1056 paret
178 977 207 1033 in
227 973 373 1034 testudine
388 982 418 1032 et
433 974 583 1034 crocodilo
606 983 636 1035 et
650 975 767 1036 lacertis
784 985 813 1036 et
829 977 915 1036 ranis.
948 993 1074 1054 aegoce-

2 1083 3 1102 2
71 1059 161 1140 plralo
183 1059 229 1118 avi
248 1073 306 1118 non
328 1058 427 1118 inesse
448 1066 575 1135 constat,
607 1069 702 1138 neque
724 1060 760 1120 iis
781 1078 855 1140 quae
877 1069 993 1120 careant
1008 1079 1072 1120 san·

36 1145 169 1223 anguine.
214 1140 365 1222 peculiare
394 1159 495 1202 cursus
524 1141 747 1221 inpedimentum
774 1143 928 1224 aliquando
955 1145 1116 1223 memnon

0 1256 1 1277 1
72 1225 260 1308 quamobrem
283 1227 415 1288 minuitur
436 1243 585 1286 cursorum
605 1226 810 1288 laborantibus.
849 1238 877 1288 et
898 1247 952 1308 per
972 1230 1075 1289 volnus

1 1329 2 1370 t
72 1314 159 1373 etiam
175 1319 311 1393 exempto
328 1311 428 1369 vivere
445 1309 577 1371 animalia
592 1312 714 1373 tradunt.
757 1321 821 1371 sunt
836 1313 885 1392 qui
902 1321 1001 1392 putent
1015 1313 1074 1373 adi·

71 1398 110 1457 nni
122 1396 206 1456 simul
218 1397 306 1455 risum
321 1392 427 1454 bomini
438 1395 742 1474 intemperantiamque
759 1397 821 1455 eius
839 1406 974 1457 constare
990 1397 1074 1458 lienis

1 1501 2 1520 ³
71 1479 277 1558 magnitudine.
311 1479 402 1538 Asiae
416 1479 500 1556 regio
517 1479 638 1558 Scepsis
661 1479 841 1560 appellatur,
862 1481 891 1540 in
913 1499 968 1560 qua
984 1483 1074 1542 mino-

36 1576 138 1626 rcmos
155 1581 222 1624 esse
239 1563 341 1643 pecori
356 1562 485 1639 tradunt,
500 1561 535 1622 'et
549 1564 616 1624 inde
633 1564 668 1624 ad
682 1563 789 1625 lienem
805 1566 920 1625 invecta
934 1565 1072 1626 remedia.

137 1647 219 1728 (81.)
232 1647 271 1707 m
281 1648 309 1707 in
323 1647 432 1707 Brileto
446 1655 475 1706 et
485 1645 599 1708 Tharne
616 1650 748 1729 quaterni
762 1667 849 1708 renes
865 1651 971 1726 cervis,
991 1659 1117 1716 con-roo

71 1743 116 1795 tra
131 1733 254 1811 pinnatis
272 1731 492 1810 squamosisque
508 1730 586 1792 nulli.
605 1732 650 1793 De
666 1743 767 1793 cetero
785 1735 901 1794 summis
916 1733 1075 1796 adhaerent

71 1816 186 1882 lumbis.
217 1816 322 1877 dexter
342 1813 473 1876 omnibus
494 1815 599 1877 elatior
617 1827 646 1876 ct
660 1819 752 1879 minus
767 1817 881 1896 pinguis
899 1819 1074 1897 sicciorque.

71 1902 188 1980 utrique
204 1909 299 1961 autem
314 1900 483 1981 pinguitudo
502 1919 517 1960 e
534 1902 628 1962 medio
644 1905 703 1962 exit
721 1911 925 1982 praeterquam
940 1903 968 1963 in
983 1903 1073 1964 vitulo

34 1987 193 2046 camarino.
229 1983 359 2045 animalia
380 1985 408 2044 in
428 1983 545 2045 renibus
563 1987 766 2064 pinguissima,
784 2003 857 2047 oves
872 1987 987 2065 quidem
1003 1985 1074 2048 leta·

70 2071 140 2132 liter
164 2071 271 2129 circum
293 2085 346 2130 eos
367 2077 506 2129 concreto
524 2070 632 2150 pingui.
664 2069 818 2149 aliquando
833 2071 861 2128 in
876 2069 910 2129 iis
928 2070 1073 2131 inveniun-

70 2165 118 2216 tur
136 2153 238 2233 lapilli.
281 2151 379 2212 Renes
403 2151 511 2214 habent
532 2155 625 2214 omnia
646 2151 853 2232 quadripedum
875 2171 951 2232 quae
972 2154 1075 2214 animal

71 2247 224 2318 generant,
240 2255 296 2297 ova
311 2238 481 2318 parientium
498 2238 613 2296 testudo
629 2237 703 2314 sola,
721 2253 794 2314 quae
809 2234 909 2296 atalia
925 2238 1018 2296 omnia
1031 2239 1073 2296 ni·

72 2341 171 2398 scera,
188 2321 240 2382 sed
255 2331 284 2383 ut
297 2321 384 2382 bomo
399 2319 514 2382 bubulis
526 2321 626 2382 similis
641 2321 722 2380 velut
734 2337 750 2378 e
762 2319 858 2379 multis
872 2319 990 2381 renibus
1006 2337 1073 2380 con·

34 2423 62 2464 ss
96 2408 199 2469 ositos.

74 2426 92 2488 p
137 2489 220 2570 (82.)
237 2489 359 2566 Pectus,
381 2489 438 2550 hoc
454 2497 499 2548 est
515 2505 600 2564 ossa,
617 2487 797 2574 praecordiis
813 2497 841 2548 et
858 2487 993 2549 vitalibus
1008 2495 1116 2554 ualidi

72 2586 137 2637 tura
162 2574 363 2650 circumdedit,
387 2574 538 2650 alventri,
561 2590 645 2654 quem
668 2590 792 2633 necesse
815 2581 877 2634 erat
893 2573 1074 2650 increscere,

73 2659 190 2722 ademit.
222 2658 292 2718 nulli
309 2657 469 2719 animalium
485 2659 562 2718 circa
577 2666 706 2717 ventrem
729 2674 805 2717 ossa.
842 2666 947 2737 pectus
967 2657 1075 2718 bomini

73 2753 183 2805 tantum
203 2742 305 2818 latum,
329 2741 450 2821 reliquis
471 2743 644 2818 carinatum,
660 2740 830 2817 volucribus
845 2743 937 2819 magis
954 2749 983 2803 et
1001 2743 1075 2803 inter
1112 2774 1115 2780 ·

37 2849 125 2895 aoeas
141 2830 281 2909 aquaticis
298 2846 438 2889 maxume.
467 2836 567 2888 costae
582 2825 688 2887 homini
702 2833 843 2902 octonae,
861 2825 950 2884 subus
967 2821 1072 2896 denae,

73 2915 237 2992 cornigeris
252 2912 409 2989 tredecim,
427 2909 610 2990 serpentibus
633 2909 757 2986 triginta.

137 3001 221 3085 (83.)
243 3002 321 3064 lnira
337 3001 432 3062 alvom
447 3008 492 3060 est
508 3018 523 3060 a
540 3000 637 3077 priore
653 3005 736 3078 parte
752 2995 868 3070 vesica,
890 3011 964 3074 qnae
981 2993 1051 3052 nulli
1061 3001 1114 3056 tos

69 3108 130 3152 ova
151 3089 345 3167 gignentium,
370 3093 488 3165 praeter
509 3081 700 3157 testudinem,
721 3077 791 3141 nulli
812 3079 868 3141 nisi
885 3079 1073 3156 sanguineum

69 3173 239 3256 pulmonem
254 3170 381 3247 habenti,
398 3168 468 3228 nulli
482 3165 604 3247 pedibus
622 3166 787 3227 carentium.
818 3167 893 3224 inter
910 3180 973 3222 eam
987 3171 1016 3220 et
1031 3159 1070 3220 al·

32 3275 141 3324 aevom
162 3257 284 3319 arteriae
306 3253 340 3316 ad
363 3253 468 3332 pubem
489 3250 641 3311 tendentes
662 3267 735 3331 quae
751 3249 799 3310 ilia
820 3245 1012 3326 appellantur·
1044 3245 1072 3305 iu

69 3343 174 3405 vesica
196 3341 256 3420 lupi
271 3339 388 3419 lapillus
403 3338 451 3417 qui
469 3337 573 3413 syrites
589 3343 725 3411 vocetur,
743 3333 795 3394 sed
811 3333 839 3392 in
853 3331 996 3391 hominum
1011 3329 1071 3408 qui·

71 3427 195 3490 busdam
216 3425 278 3486 diro
297 3423 425 3484 cruciatu
447 3419 566 3482 subinde
587 3428 741 3480 nascentes
765 3415 868 3480 calculi
885 3424 914 3476 et
932 3423 1074 3476 saetarum

73 3511 289 3592 capillamenta.
321 3507 421 3567 vesica
431 3505 599 3568 membrana
615 3511 727 3564 constat
738 3519 811 3582 quae
828 3500 980 3561 volnerata
998 3499 1072 3560 oica·

117 3617 182 3657 ner.
197 3611 267 3655 utsr.
282 3613 352 3652 nuru.
366 3596 403 3652 lL‘
876 3586 913 3648 13
