2444 3908
256 201 335 247 nur.
351 202 441 250 msa.
457 203 538 250 vui.
557 201 677 255 simet.
696 191 847 276 (eo-34.)
1001 196 1039 256 57
1065 176 1068 181 ’
1152 164 1162 180 ’

5 363 50 418 nt
71 355 198 434 reliqua
219 371 326 435 corpus
350 357 461 435 inpellit
481 359 533 418 sed
549 361 647 419 celsus
665 371 694 420 et
711 369 829 421 erectus
843 363 871 421 in
888 363 983 425 medio
999 366 1040 426 iu·

5 437 158 500 medens
183 451 269 500 necat
286 441 423 515 frutices,
443 459 500 502 non
514 453 665 503 contactos
681 445 767 504 modo
792 464 893 506 verum
909 457 938 506 et
953 447 1040 510 adlla-

5 535 87 598 ωε,
107 525 208 582 exurit
222 523 340 600 herbas,
357 529 463 604 rumpit
477 545 557 586 sara.
589 528 655 588 talis
673 530 718 587 vis
730 529 805 590 malo
822 539 876 588 est.
901 531 1040 595 creditum

5 607 183 688 quondam
198 625 235 666 ex
253 626 329 688 equo
344 611 473 670 occisum
487 611 569 671 hasta
591 621 625 683 et
633 629 688 690 per
703 629 765 672 eam
780 614 923 676 subeunte
939 616 968 673 vi
983 633 1040 677 non

5 693 168 770 equitem
183 692 269 751 modo
282 694 333 753 sed
350 711 453 772 equum
469 713 584 774 quoque
598 696 787 780 absumptum.
811 697 883 761 Huic
897 698 946 757 tali
959 696 1037 762 mon-⁴
1049 705 1084 761 to
1137 726 1143 742 1

5 786 107 850 stre,
117 809 162 826 -ψ
171 794 261 854 saepe
276 779 350 838 enim
363 786 495 839 enectum
508 781 703 858 concupivere
716 799 805 858 reges
815 783 927 857 videre,
936 799 1040 842 -mu

5 860 177 922 stelarum
191 861 269 920 virus
282 863 371 921 exitio
390 871 443 924 est.
463 864 537 923 adeo
552 874 669 924 naturae
685 865 882 946 nillil-placuit
897 883 963 928 esse
979 868 1041 928 sine

5 963 119 1025 pares
163 946 281 1006 iniciunt
303 946 354 1006 has
379 951 516 1008 cavernis·
535 949 622 1009 facile
648 951 771 1026 cognitis
798 950 854 1008 soli
877 950 954 1010 tabe.
990 969 1040 1010 ne·

5 1037 102 1090 cant
124 1028 193 1089 illae
216 1030 300 1089 simul
318 1031 407 1091 odore
422 1035 653 1111 moriunturque,
670 1043 699 1093 et
715 1043 832 1094 naturae
854 1053 950 1112 pugna
972 1051 1039 1096 con·

5 1115 141 1175 ficitur.
362 1147 363 1150 ¹

99 1195 152 1256 22.
169 1197 253 1276 (34.)
270 1199 329 1258 Sed
344 1198 461 1259 initalia
472 1218 588 1279 quoque
598 1203 724 1261 creditur
736 1202 868 1282 luporum
877 1203 956 1262 risus
969 1222 1037 1264 esse
1047 1215 1084 1270 80

6 1283 160 1355 noxius,
186 1299 349 1360 vocemque
368 1283 474 1342 homini
496 1302 580 1362 quem
597 1287 710 1362 priores
732 1287 963 1364 contemplentur
981 1287 1038 1348 adi·

7 1384 116 1428 mere
131 1365 334 1443 adpraesens.
354 1366 458 1426 Inertis
472 1368 525 1426 lios
542 1385 706 1448 parvosque
726 1369 826 1430 Africa
843 1380 871 1429 et
886 1370 1038 1448 Aegyptus

10 1453 174 1529 gignunt,
201 1467 323 1528 asperos
347 1453 494 1529 trucisque
512 1450 643 1528 frigidior
659 1454 755 1530 plaga.
793 1454 930 1514 Homines
954 1457 983 1515 in
997 1456 1037 1515 lu·

12 1552 89 1614 pos
121 1535 195 1607 uerti
218 1553 388 1613 rursumque
417 1537 528 1594 restitui
553 1535 607 1595 sibi
634 1537 737 1596 falsum
765 1555 832 1598 esse
861 1539 1039 1600 confidenter

14 1620 211 1680 existumare
236 1618 376 1680 debemus
402 1627 449 1678 aut
476 1619 597 1679 credere
624 1624 717 1680 omnia
739 1639 812 1699 quae
836 1621 969 1682 fabulosa
995 1632 1041 1682 tot

14 1701 163 1764 saeculis
180 1705 373 1780 conperimus.
405 1704 480 1763 unde
502 1713 596 1764 tamen
618 1707 672 1764 ista
688 1705 778 1782 volgo
801 1705 886 1766 infixa
908 1709 944 1766 sit
961 1706 1035 1768 fama

15 1795 144 1852 tantum
159 1795 188 1844 ut
204 1787 231 1846 in
247 1787 407 1847 maledictis
430 1788 596 1865 versipellis
612 1787 716 1850 habeat
731 1790 909 1850 indicabitur.
941 1789 1033 1850 Euan·
1045 1794 1079 1848 81

15 1873 101 1932 thes
119 1871 193 1928 inter
208 1879 344 1930 auctores
356 1871 497 1932 Graeciae
511 1890 569 1932 non
591 1883 706 1952 spretus
721 1875 807 1934 tradit
819 1873 949 1934 Arcadas
966 1877 1036 1935 scri·

5 1955 111 2016 »luere
127 1971 165 2014 ex
181 1964 269 2031 gente
283 1954 371 2016 Anthi
384 1957 529 2016 cuiusdam
546 1967 625 2016 sorte
647 1958 771 2018 familiae
795 1959 900 2018 lectum
924 1959 959 2018 ad
981 1969 1036 2018 sta·

17 2057 122 2118 gnum
140 2039 281 2116 quoddam
306 2041 434 2116 regionis
451 2042 514 2100 eius
529 2041 594 2101 duci
617 2043 783 2119 vestituque
804 2043 832 2100 in
848 2053 958 2119 quercu
974 2061 1035 2103 sus·
1087 2057 1090 2072 ·

17 2139 129 2204 penso
154 2131 265 2182 tranare
287 2133 373 2201 atque
400 2124 481 2184 abire
497 2126 525 2182 in
540 2125 656 2184 deserta
672 2126 926 2202 transfigurarique
950 2128 977 2184 in
994 2126 1035 2184 lu·

21 2225 103 2287 pum
122 2213 239 2267 etcum
264 2209 372 2266 ceteris
395 2209 525 2268 eiusdem
548 2211 666 2284 generis
688 2210 862 2284 congregari
878 2227 932 2286 per
945 2226 1035 2268 annos

20 2307 150 2353 nerem.
182 2307 237 2367 quo
254 2292 282 2350 in
301 2301 434 2369 tempore
449 2293 474 2350 si
490 2292 604 2350 lromine
622 2310 654 2350 se
675 2291 853 2366 abstinuerit,
876 2293 984 2350 reverti
1000 2293 1036 2352 ad

5 2377 111 2436 tidem
127 2383 317 2450 magnumst,
335 2393 398 2436 cum
412 2377 579 2450 tranaverit,
600 2376 728 2451 effigiem
743 2376 911 2452 reciperare
927 2375 961 2440 ad
978 2377 1034 2452 pri-

22 2463 139 2520 stiuam
157 2457 279 2518 habitum
293 2459 391 2520 addito
406 2476 510 2520 norem
527 2475 663 2520 annorum
678 2460 770 2526 senio.
806 2458 834 2517 id
851 2476 965 2536 quoque
982 2458 1035 2519 Fa·

22 2545 109 2619 hius,
118 2542 239 2602 eandem
251 2545 385 2620 recipere
397 2553 519 2602 vestem.
535 2543 636 2610 illrum
648 2553 694 2603 est
707 2561 763 2622 quc
775 2543 1034 2622 procedatGraeca
1044 2553 1078 2606 82
1138 2601 1142 2612 ,

25 2626 207 2688 credulitas!
220 2627 327 2686 nullum
339 2636 395 2686 tam
406 2628 547 2705 inpudens
556 2629 734 2691 mendacium
742 2637 788 2687 est
799 2636 830 2686 ut
840 2637 916 2686 teste
926 2638 1035 2693 careat.

23 2715 66 2772 ita
75 2709 226 2788 Agriopas
239 2709 509 2789 qul0lympionioss
519 2713 634 2790 scripsit
645 2722 741 2773 narrat
752 2712 1035 2773 DemaenetumPar·
1125 2699 1136 2720 ⁸

5 2797 141 2860 cresium
157 2796 185 2854 in
199 2795 342 2854 sacrificio
354 2795 433 2873 quod
448 2797 580 2856 Arcades
596 2796 658 2856 lovi
674 2796 788 2871 Lycaeo
800 2796 1034 2856 humanaetiam·

24 2891 89 2942 tum
106 2879 202 2938 lrostia
213 2879 367 2954 fatiebant,
386 2880 513 2940 inmolati
529 2867 611 2957 pderi
626 2888 695 2940 enta
711 2881 883 2957 degustasse
901 2883 973 2940 etin
991 2881 1034 2938 lu-

27 2982 100 3042 pum
117 2981 151 3021 se
175 2965 365 3038 convertisse,
392 2965 513 3024 eundem
528 2965 649 3022 decumo
671 2979 744 3023 anno
763 2966 923 3024 restitutum
942 2963 1033 3022 atlrle·

25 3050 108 3108 ticae
132 3048 274 3106 restitisse
297 3049 325 3106 in
337 3049 465 3125 pugilatu
491 3050 690 3126 victoremque
713 3045 846 3126 Olympia
871 3063 1032 3107 reversum.

26 3134 99 3210 quin
120 3140 150 3190 et
171 3131 280 3190 caudae
295 3131 377 3192 huius
398 3132 526 3192 animalis
548 3132 674 3192 creditur
698 3132 790 3210 volgo
810 3135 908 3191 inesse
925 3137 1032 3190 amato·
1041 3127 1077 3182 83

5 3219 103 3277 arum
118 3215 196 3292 virus
209 3217 320 3292 'exiguo
337 3217 365 3274 ln
382 3215 453 3276 villo
475 3233 608 3294 eumque,
628 3234 693 3274 cum
715 3219 861 3294 capiatur,
882 3214 956 3275 abici
978 3229 1033 3272 neo

28 3301 108 3361 idem
129 3298 244 3376 pollere
265 3301 317 3358 nisi
332 3301 439 3359 viventi
454 3300 606 3378 direptum.
651 3299 715 3361 dies
737 3299 840 3378 quibus
864 3307 948 3357 coeat
969 3304 1032 3358 toto

8 3401 107 3448 vantro
131 3399 188 3441 non
210 3383 331 3462 amplius
353 3383 516 3444 duodecim.
549 3383 670 3444 eundem
692 3383 816 3442 infame
839 3383 922 3441 vesci
941 3390 1030 3440 terra.

29 3468 106 3528 inter
128 3467 476 3545 augustaetricorum
498 3469 706 3528 conmeantium
730 3467 864 3546 praeciso
885 3467 988 3526 itinere
1008 3467 1032 3524 si
