2444 3908
284 242 364 290 uun.
381 241 471 290 ausu.
488 231 877 311 v1111.31-aa.(51—55.)
1024 195 1097 294 lbt'

75 399 143 460 illas
160 397 263 458 beluas
279 397 346 456 talis
368 405 538 476 tantasque,
556 415 628 475 quas
646 397 784 473 diximus,
801 407 913 479 perptot
928 402 1017 460 maria
1032 420 1106 462 ver

74 483 198 557 nientis,
222 491 278 541 tam
299 482 390 558 longo
410 490 552 540 terrarum
573 489 666 541 tractu
690 501 707 541 e
729 485 814 542 tantis
831 483 902 542 solis
920 485 1081 546 ardoribus.
1150 504 1154 510 ·
1199 498 1202 506 ’

75 577 165 648 atque
180 565 258 626 Indis
277 583 394 645 qnoque
408 567 439 624 in
460 563 568 624 insulas
587 574 722 643 petuntur
739 575 768 626 et
786 567 936 628 admodum
964 588 1082 648 paucas.

73 652 253 713 fertilissima
269 659 314 710 est
329 649 502 728 Taprobane
521 657 549 707 et
566 649 692 725 Stoidis,
709 659 739 710 ut
755 650 876 711 diximus
892 654 921 711 in
935 645 1057 714 circuitu
1069 654 1121 730 ᾖξ’

50 735 182 810 emundi,
197 737 266 794 item
282 733 424 794 Perimula
436 735 664 813 promontorium
675 733 783 795 Indiae.
811 739 971 815 praecipue
987 747 1083 797 autem

73 819 227 881 laudantur
243 820 321 878 circa
337 818 472 878 Arabiam
488 821 517 877 in
534 818 653 878 Persico
672 821 734 879 sinu
752 822 838 880 maris
855 818 953 880 Rubri.
977 820 1068 900 Origo
1076 831 1126 887 107

72 913 163 983 atque
186 905 317 980 genitura
342 904 472 963 conobae
493 911 538 962 est
561 903 629 962 haut
651 904 769 964 multum
787 914 948 966 ostrearum
964 907 1085 966 conubis

71 987 224 1050 differens.
255 987 306 1048 has
324 986 372 1047 ubi
387 987 523 1066 genitalis
538 989 603 1048 anni
619 988 770 1048 stimularit
784 988 867 1066 hora,
884 989 1035 1069 pandentis
1050 1009 1083 1050 se

72 1071 198 1154 quadam
214 1073 387 1132 oscitatione
407 1073 512 1150 inpleri
529 1072 648 1132 roscido
671 1083 816 1152 conceptu
835 1073 967 1151 tradunt,
988 1076 1084 1153 gravi-

29 1177 61 1242 ·ro
75 1159 130 1218 das
146 1165 250 1235 postea
272 1157 357 1231 eniti,
380 1167 551 1235 partumque
567 1155 740 1217 concharum
763 1175 830 1217 esse
845 1161 1015 1238 margaritas
1030 1175 1084 1238 pro

72 1241 214 1322 qualitate
237 1241 313 1300 roris
330 1243 454 1319 accepti.
493 1243 517 1300 si
537 1259 626 1319 purus
647 1241 810 1317 induxerit,
834 1243 991 1302 candorem
1016 1261 1084 1303 con·

73 1327 161 1405 spici,
179 1327 203 1384 si
217 1336 295 1384 vero'
307 1325 447 1404 turbidus,
464 1335 493 1384 et
507 1325 596 1385 ictum
612 1325 798 1385 sordescere.
830 1327 953 1386 eundem
969 1326 1085 1405 pallere

72 1409 160 1471 caelo
177 1411 301 1469 minante
314 1419 496 1488 conceptum.
529 1429 567 1469 ex
589 1427 625 1469 eo
644 1411 753 1489 quippe
770 1419 925 1487 constare,
950 1411 1083 1492 caelique
1107 1411 1110 1418 “

72 1496 118 1556 eis
134 1497 273 1554 maiorem
295 1496 467 1554 societatem
487 1513 554 1554 esse
570 1511 655 1573 quam
670 1495 768 1571 maris,
784 1495 850 1554 inde
865 1495 992 1554 nubilum
1010 1497 1083 1557 trahi

35 1580 208 1641 seculorem
224 1587 272 1638 aut
287 1595 341 1657 pro
360 1579 491 1640 claritate
506 1581 641 1638 matutina
665 1597 809 1640 serenum.
849 1581 874 1638 si
889 1582 1065 1658 tempestive
1073 1591 1127 1646 108

72 1665 225 1740 satientur,
241 1665 439 1740 grandescere
462 1673 491 1723 et
508 1672 617 1741 partus.
647 1666 671 1722 si
686 1663 826 1742 irrigaret,
848 1666 988 1744 conprimi
1010 1683 1083 1724 con·
1122 1731 1128 1743 .

72 1749 145 1809 chas
173 1766 208 1807 ao
231 1765 285 1826 pro
312 1748 400 1807 ieiuni
424 1747 510 1808 modo
538 1749 634 1808 minui.
672 1749 696 1807 si
728 1767 800 1808 vero
830 1751 916 1809 etiam
944 1751 1082 1826 tonuerit,

72 1831 196 1914 pavidas
216 1851 252 1892 ac
273 1842 395 1911 repente
418 1850 593 1912 conpressas
611 1850 686 1912 quae
710 1842 817 1893 uocant
834 1831 1004 1912 physemata
1021 1835 1083 1894 eiii·

72 1935 164 1992 cere,
194 1917 295 1996 specie
318 1917 404 1976 modo
423 1920 497 1978 inani
534 1918 646 1977 inllatas
672 1919 735 1978 sine
767 1936 904 1996 corpore.
931 1917 987 1978 bos
1016 1937 1084 1980 esse

34 2001 251 2064 weoncnannn
272 2001 400 2061 abortus.
431 2003 493 2062 sani
512 2002 627 2082 quidem
650 2012 750 2081 partus
774 2002 926 2082 multiplici
952 2013 1085 2064 coustant

71 2096 153 2162 oute,
169 2103 225 2144 nou
240 2087 398 2165 inproprie·
408 2087 513 2146 callum
529 2095 559 2145 nt
575 2089 741 2146 existumari
754 2089 888 2166 corporis
908 2090 1011 2166 possit.
1030 2091 1082 2148 ita·

71 2189 130 2252 que
147 2179 345 2250 expurgantur
360 2189 375 2231 a
392 2172 503 2249 peritis.
528 2171 617 2229 miror
631 2171 696 2251 ipso
713 2179 819 2231 tautum
833 2188 885 2230 eas
898 2171 981 2230 caelo
997 2181 1127 2248 gan-109

72 2255 158 2330 dere,
186 2255 250 2313 sole
262 2254 415 2314 rufescere
434 2255 647 2330 candoremque
670 2254 839 2332 perderent
862 2271 970 2335 corpus
986 2254 1082 2314 huma-

71 2357 149 2398 num.
181 2356 270 2417 quare
294 2339 481 2419 praecipuum
506 2337 669 2397 custodiunt
685 2339 840 2418 pelagiae,
862 2337 948 2397 altius
968 2355 1083 2397 mersae

35 2435 160 2505 tiquam
176 2431 207 2482 ut
223 2431 375 2503 penetrent
396 2423 478 2482 radii.
511 2421 671 2482 flavescunt
693 2432 788 2482 tamen
812 2431 841 2480 et
866 2421 935 2482 illae
962 2423 1084 2482 senecta

71 2510 216 2588 rugisque
230 2517 413 2589 torpescunt,
425 2525 481 2566 nec
493 2507 547 2567 nisi
558 2507 587 2565 in
602 2508 716 2567 iuventa
730 2515 844 2566 constat
859 2505 911 2566 ille
929 2509 978 2588 qui
994 2521 1082 2588 quae·

9 2587 13 2592 ’
70 2595 145 2652 ritur
159 2593 254 2670 vigor.
287 2602 473 2652 crassescunt
495 2591 578 2652 etiam
594 2592 623 2650 in
639 2601 759 2652 senecta
777 2590 958 2672 conchisque
975 2592 1082 2653 adhae-

72 2685 212 2751 rescunt,
233 2694 289 2735 nec
311 2676 355 2735 bis
371 2675 458 2736 avelli
479 2685 586 2756 queunt
602 2677 658 2736 nisi
677 2676 753 2736 lima.
786 2674 889 2754 quibus
905 2695 960 2737 una
975 2686 1084 2738 tantum

73 2769 121 2820 est
134 2759 228 2820 iacies
246 2769 274 2820 et
287 2759 322 2820 ab
336 2778 371 2819 ea
385 2761 556 2836 rotunditas,
574 2763 686 2820 aversis
703 2761 850 2844 planities,
870 2759 908 2820 ob
922 2759 951 2821 id
973 2771 1083 2840 tympa-

37 2847 121 2910 mnia
143 2847 332 2904 nominantur.
368 2845 553 2905 cohaerentis
583 2844 713 2933 videmup
740 2846 768 2914 in
791 2843 911 2904 conchis
934 2845 988 2906 hac
1015 2846 1083 2905 dote

72 2937 222 3008 unguenta
246 2927 526 2990 circumferentibus.
562 2937 663 2988 cetero
679 2929 707 2988 in
723 2945 797 3010 aqua
813 2927 910 2988 mollis
925 2930 1009 3005 nnio,
1034 2946 1083 2986 ex·

13 3043 24 3056 ·
73 3023 190 3092 emptus
203 3016 335 3093 protinus
348 3013 485 3073 durescit.

138 3097 226 3178 (55.)
248 3095 367 3158 Concha
395 3099 473 3178 ipsa,
494 3115 557 3157 cum
579 3113 690 3158 manum
711 3097 799 3176 uidit,
822 3099 975 3177 conprimit
998 3106 1128 3159 sesellti

72 3183 230 3263 operitque
256 3199 330 3260 opes
347 3200 413 3242 suas
430 3199 519 3260 gnara
534 3190 658 3262 propter
672 3181 738 3241 illas
756 3199 788 3243 se
803 3185 882 3263 peti,
901 3197 1082 3259 manumque,

37 3283 63 3326 au
73 3269 98 3328 si
113 3267 296 3346 praeveniat,
318 3268 382 3326 acie
398 3285 449 3326 sua
470 3266 602 3326 abscidat
618 3265 695 3326 nulla
710 3267 829 3327 iustiore
846 3284 957 3348 poena,
974 3274 1003 3324 et
1019 3264 1083 3324 aliis

71 3352 181 3412 munita
197 3351 360 3432 suppliciis,
378 3352 486 3432 quippe
504 3351 579 3410 inter
593 3349 733 3430 scopulos
747 3353 839 3411 maior
850 3369 918 3430 pars
930 3351 1082 3410 invenitur.

71 3435 100 3496 in
115 3435 178 3496 alto
194 3452 311 3518 quoque
327 3437 497 3496 comitantur
518 3433 633 3494 marinis
651 3433 785 3512 canibus,
810 3453 866 3494 nec
885 3443 981 3494 tamen
997 3451 1083 3493 aures

73 3521 247 3581 feminarum
267 3527 413 3581 arcentur.
444 3517 565 3592 Quidam
585 3519 701 3580 madunt
730 3518 805 3579 siunt
823 3518 925 3599 apibus
941 3520 980 3580 ita
996 3528 1122 3583 con-‚111
