2462 3900
171 185 232 248 230
480 191 787 240 c.ru1n1aucuun1

171 351 305 428 lanugine
329 348 480 409 demetitur
501 364 558 406 ura
586 347 707 424 eiusque
732 344 862 422 melligo.
893 344 1039 427 reliquom
1066 363 1181 426 corpus
1215 379 1217 434 p

175 437 238 496 sole
254 435 399 512 coquitur,
415 433 547 492 nocturni
567 447 650 490 rores
663 435 810 490 caventur.
839 429 866 488 in
883 429 962 490 fictili
975 429 1092 490 condita
1108 431 1181 491 mel·
1215 435 1217 502 l

172 522 232 598 ligo
248 518 405 595 colligitur,
422 514 544 576 subinde
557 523 585 574 et
597 512 705 591 Cyprio
721 531 790 572 aere
805 521 945 574 servatur.
969 523 1089 592 optuma
1103 533 1181 593 quae

169 607 250 681 ruia,
267 605 422 680 acriorque
438 609 468 658 et
483 600 598 660 aridior.
628 598 750 676 pretium
766 596 919 676 omphacio
935 599 964 656 iu
979 597 1069 658 libras
1085 595 1116 657 X
1131 612 1178 657 vr.

170 693 201 752 ut
212 697 242 748 et
259 687 315 747 ulio
331 685 429 759 modo,
446 701 509 742 cum
524 685 554 742 in
567 681 712 742 mortariis
725 697 780 740 uva
793 681 932 740 inmatura
947 681 1059 757 teritur,
1077 684 1195 742 sicca-⁵

169 786 255 852 taque
272 773 299 829 in
314 770 380 829 sole
396 774 499 846 postea
514 767 655 844 digeritur
672 766 700 823 in
716 762 861 844 pastillos.

128 871 179 925 132
244 854 295 914 28.
317 853 402 931 (61.)
426 848 538 922 Eodem
554 858 583 910 et
606 849 699 923 bryon
715 848 861 926 pertinet,
884 866 940 908 uva
955 846 1057 928 populi
1081 849 1180 909 albae.

170 951 286 1022 optuma
309 938 387 996 circa
412 931 531 992 Cnidum
556 943 604 992 aut
628 931 740 992 Cariam
767 933 796 990 in
822 931 983 992 sitientibus
1012 942 1060 992 aut
1091 935 1180 993 siccis

171 1022 360 1104 asperisque,
382 1017 509 1077 secunda
532 1019 560 1074 in
582 1016 688 1091 Lyciae
711 1013 811 1074 cedro.
853 1014 957 1076 eodem
978 1025 1008 1076 ct
1031 1017 1180 1078 oenanthe

173 1107 313 1186 pertinet,
330 1110 375 1160 est
394 1109 489 1160 autem
505 1101 571 1159 vitis
590 1098 743 1160 labruscae
759 1116 830 1174 uva,
853 1098 1014 1176 colligitur,
1039 1119 1106 1160 cum
1125 1102 1204 1161 do·o

171 1199 235 1266 ret,
250 1187 279 1247 id
296 1195 341 1246 est
358 1203 421 1246 cum
437 1193 554 1262 optume
571 1184 646 1258 olet,
660 1185 786 1241 siccatur
800 1184 828 1241 iu
844 1183 945 1244 umbra
960 1183 1111 1244 substrato
1129 1186 1180 1246 lin·

130 1287 181 1342 133
192 1284 241 1341 teo
259 1281 345 1350 atque
361 1271 389 1329 in
405 1267 494 1329 cados
510 1268 650 1328 conditur.
677 1267 834 1346 praecipua
849 1285 888 1326 ex
902 1267 1116 1346 Parapotamia,
1135 1287 1180 1329 se·

172 1357 264 1420 cunda
280 1357 316 1415 ab
331 1352 486 1413 Antiochia
507 1361 593 1430 atque
608 1348 753 1410 Laodicea
768 1352 890 1426 Syriae,
912 1353 996 1411 tertia
1019 1371 1057 1410 ex
1076 1354 1180 1413 monti·

171 1443 227 1508 bus
247 1439 377 1500 lledicis.
421 1437 495 1496 haec
516 1435 613 1494 utilior
634 1435 806 1494 medicinae.
833 1435 966 1512 „quidam
985 1436 1121 1495 omuibus
1138 1437 1180 1496 his

172 1526 341 1606 praeierunt
359 1540 423 1581 cam
439 1538 513 1598 quae
534 1521 563 1578 in
579 1515 677 1597 Cypro
695 1518 787 1578 insula
797 1519 946 1594 nascitur,
969 1537 1033 1579 uam
1053 1539 1132 1598 quae
1153 1523 1205 1580 ico

172 1609 273 1670 Africa
298 1603 329 1665 lit
349 1605 384 1665 ad
405 1605 535 1664 medicos
552 1611 659 1662 tantum
680 1603 807 1681 pertbret
827 1601 1009 1682 vocaturque
1027 1606 1177 1664 massaris.

173 1691 304 1752 omnibus
320 1697 414 1748 autem
435 1706 472 1748 ex
488 1685 553 1748 alba
574 1685 708 1746 labrusca
729 1688 923 1764 praestantior
941 1705 1062 1766 quame
1085 1691 1177 1765 nigra.

131 1786 182 1841 134
246 1772 329 1852 (62.)
353 1769 406 1830 Est
423 1779 577 1848 practerea
594 1770 681 1829 arbor
697 1769 732 1828 ad
748 1769 848 1830 eadem
864 1779 1010 1848 unguenta
1028 1774 1178 1849 pertinens

173 1876 258 1938 quam
272 1855 320 1916 alii
336 1855 433 1914 elaten
448 1863 570 1929 vocant,
587 1853 664 1932 quod
681 1870 735 1912 nos
750 1853 892 1929 abietem,
909 1854 957 1914 alii
970 1856 1116 1934 palmam,
1134 1857 1179 1916 alii

173 1941 304 2022 spathan.
329 1936 460 1997 laudatur
474 1937 675 1998 llcmmouiaca
688 1955 835 2013 maxume,
851 1956 919 1998 mox
929 1939 1096 2017 Aegyptia,
1114 1941 1205 2001 deinn

175 2026 313 2102 Syriaca,
333 2021 478 2082 dumtaxat
489 2023 517 2080 iu
535 2022 609 2082 locis
622 2020 784 2080 sitientibus
804 2021 911 2097 odora,
930 2023 1030 2101 pingui
1048 2024 1177 2099 lacrima,

56 2179 59 2195 Ι
175 2128 249 2191 quae
267 2109 295 2167 in
309 2116 455 2184 unguenta
471 2106 582 2167 additur
597 2105 633 2165 ad
647 2105 819 2165 domandum
834 2105 941 2173 oleum.

132 2207 182 2262 135
247 2192 336 2272 (63.)
356 2191 387 2252 lu
402 2191 485 2266 Syria
501 2191 628 2268 gignitur
648 2197 677 2249 et
692 2191 849 2249 cinnamum
867 2189 944 2270 quod
962 2207 1114 2250 comacum
1130 2209 1178 2270 ap·

174 2279 293 2360 pellant.
323 2277 371 2337 hic
387 2285 431 2335 est
447 2293 533 2335 sucus
551 2275 616 2332 nuci
633 2291 793 2351 expressus
809 2273 926 2337 multum
945 2293 962 2335 n
981 2275 1102 2336 surculo
1117 2277 1179 2335 veri

175 2361 295 2423 cinnami
324 2359 479 2435 dill'erens,
505 2359 599 2417 vicina
623 2365 719 2416 tamen
747 2359 848 2434 gratia.
891 2360 1014 2438 pretium
1036 2361 1065 2418 iu
1090 2359 1205 2420 tibrasu

151 2464 256 2507 asses
271 2458 378 2507 xxxx.

581 2568 771 2579 ——a

311 2749 313 2756 ·
437 2725 472 2808 d.
502 2725 649 2808 l'bllll
677 2725 908 2809 Slldlllllll

285 2865 657 2972 ltlttttt'ltt
697 2875 1104 3007 tttttttttttl·

516 3041 842 3106 uussuaxm.

595 3175 752 3184 ψ

35 3252 37 3266 '
148 3271 163 3322 1
242 3260 337 3338 (Sect.
363 3261 408 3340 1.)
437 3257 583 3321 Hactenus
604 3264 633 3322 in
656 3261 794 3323 odoribus
815 3262 921 3322 habent
948 3260 1041 3338 pretia
1071 3259 1208 3336 silvae,tt

177 3353 315 3424 erantque
328 3362 384 3424 per
398 3363 431 3404 se
450 3345 521 3405 mira
533 3346 662 3423 singula,
687 3346 814 3424 iuvitque
830 3346 941 3407 luxuria
956 3345 1051 3404 omnia
1071 3361 1109 3404 ea
1129 3345 1179 3404 mi·

176 3444 261 3486 scere
281 3435 311 3486 et
333 3446 350 3488 e
378 3430 489 3489 cunctis
515 3446 599 3488 uuum
623 3431 743 3491 odorem
766 3430 876 3491 iacere.
914 3430 953 3489 ita
973 3436 1096 3506 reperta
1115 3436 1180 3487 sunt
