2444 3908
141 173 143 182 ’
209 191 211 196 -
248 166 328 214 nnn.
345 165 436 214 ausu.
455 117 664 216 v111.43-45.
683 154 837 233 (oo-to.)
1005 157 1047 216 75

11 333 133 384 dxxx
157 321 242 380 annis
263 321 372 384 vixisse
389 319 606 382 Atheniensium
634 323 816 390 monimentis
840 324 970 402 adparet.
994 343 1045 402 ga·

11 406 79 466 risi
100 422 248 482 namque,
266 422 329 464 oum
345 405 482 482 templum
497 406 525 464 iu
541 423 610 464 arce
623 406 769 482 iacerent,
794 407 871 484 quod
887 409 1045 470 derelictus

11 497 161 562 senecta
187 488 355 552 mandentia
375 491 659 550 iumentacomitatu
683 490 805 570 nisuque
829 490 1043 569 exhortaretur,

11 573 191 634 decretum
207 572 308 634 iecere
332 591 368 632 ne
391 573 568 634 frumentarii
582 576 781 651 negotiatores
802 574 838 634 eh
859 577 1045 638 incerniculis

11 676 94 719 eum
112 666 268 717 arcerent.

92 741 152 800 45.
173 741 258 819 (to.)
273 740 370 800 Bubus
382 735 486 802 Indicis
501 743 675 802 camelorum
686 743 804 803 altitudo
817 745 946 818 traditur,
962 760 1026 804 cor*
1036 754 1087 809 rto

11 844 85 886 mua
103 827 138 884 in
155 825 333 886 latitudinem
346 834 550 903 quaternorum
563 828 676 904 pedum.
697 829 726 886 in
741 837 841 888 nostro
855 827 928 887 orbe
940 827 1046 910 Epiro·¹

11 912 97 972 timis
107 909 180 969 laus
187 910 443 986 maxumaaPyrri,
453 920 483 970 ut
492 911 597 986 feriunt,
607 913 663 979 iarn
676 913 917 989 iudersgiscura.
935 913 963 973 id
976 929 1043 972 con·

17 1004 158 1054 secutus
177 1003 294 1054 estnon
312 1003 378 1054 ante
401 995 607 1072 quadrimatum
625 996 660 1056 ad
677 1005 776 1073 partus
791 997 934 1058 vocando.
960 1014 1043 1074 prae·

19 1077 168 1158 grandes
184 1079 281 1158 itaque
303 1078 386 1138 luere
408 1088 437 1138 et
451 1079 595 1158 hodieque
617 1079 759 1158 reliquiae
780 1082 910 1158 stirpium
932 1080 1043 1146 durant.

22 1173 57 1224 at
76 1180 160 1222 nunc
177 1163 327 1223 anniculae
343 1163 548 1224 fecunditatem
570 1173 739 1242 poscuntur,
756 1165 926 1224 tolerantius
949 1173 1046 1226 tamen

21 1248 151 1322 bimae,
176 1248 250 1308 tauri
273 1248 492 1324 generationem
508 1248 656 1325 quadrimi.
695 1248 806 1327 inplent
830 1248 935 1326 singuli
954 1248 1045 1308 denas

23 1331 146 1392 eodem
164 1348 250 1406 anno,
265 1331 389 1392 tradunt.
409 1333 433 1391 si
450 1339 545 1392 autem
561 1341 628 1410 post
644 1333 750 1392 coitum
765 1334 794 1392 in
811 1333 962 1396 dexteram
978 1351 1043 1410 par-

22 1427 94 1476 tem
111 1414 219 1476 abeant
234 1418 324 1490 tauri,
347 1425 504 1492 generatos
525 1417 611 1477 maris
628 1435 714 1493 esse,
737 1418 763 1478 si
777 1418 806 1476 iu
824 1418 946 1492 laevam,
962 1415 1043 1476 lemi-
1129 1450 1131 1454 ·
1208 1487 1210 1502 .

11 1519 100 1560 snas.
128 1503 284 1578 conceptio
301 1517 355 1559 uno
372 1501 441 1560 initu
457 1502 615 1578 peragitur,
633 1519 707 1581 quae
723 1502 747 1560 si
762 1501 838 1561 forte
854 1502 1027 1579 pererravit,
1035 1507 1085 1564 177

26 1585 212 1660 vigesimum
235 1592 303 1661 post
322 1585 397 1645 diem
416 1601 523 1644 marem
543 1586 649 1645 femina
664 1587 780 1663 repetit.
817 1588 928 1664 pariunt
943 1603 1043 1646 manse

30 1669 173 1729 decumo.
194 1667 332 1746 quidquid
345 1679 410 1728 ante
424 1669 550 1744 genitum
565 1669 663 1729 inutile
679 1677 733 1728 est.
751 1679 816 1729 sunt
831 1679 967 1730 auctores
978 1669 1045 1747 ipso
1108 1665 1115 1676 “

33 1752 198 1830 conplente
215 1752 364 1812 decumum
377 1771 505 1812 mensem
521 1754 569 1814 die
585 1772 700 1832 parere.
730 1755 850 1830 gignunt
871 1773 937 1814 raro
953 1755 1042 1830 gemi-

33 1854 105 1898 nos.
144 1837 237 1896 coitus
259 1854 275 1896 a
297 1837 425 1916 delphini
446 1847 549 1898 exortu
567 1856 592 1898 a.
615 1837 643 1900 d.
669 1837 761 1916 pridie
784 1855 876 1897 nonas
898 1837 1043 1898 lanuarias
1115 1843 1119 1848 '

11 1921 146 1982 odiehus
167 1920 299 1996 triginta,
327 1921 429 2003 aliquis
453 1931 482 1980 et
502 1931 653 1998 autumno,
676 1922 812 1998 gentihus
834 1921 947 2000 quidem
969 1940 1043 2001 quae

36 2006 118 2066 lacte
137 2005 235 2063 vivont
260 2005 299 2064 ita
319 2004 501 2083 dispensatus
522 2016 552 2067 ut
577 2007 652 2064 omni
674 2015 805 2084 tempore
831 2009 895 2064 anni
916 2007 1044 2085 supersit

38 2090 69 2150 id
86 2089 257 2148 alimentum.
281 2091 353 2148 tauri
369 2106 426 2148 non
441 2091 556 2167 saepius
573 2107 657 2167 quam
673 2089 718 2148 bis
736 2091 781 2149 die
798 2091 905 2152 ineunt.
928 2089 1085 2152 Boresti&

39 2172 202 2232 animalium
229 2171 284 2232 soli
308 2182 337 2231 et
357 2183 437 2232 retro
462 2172 641 2233 ambulantes
664 2181 840 2250 pascuntur,
861 2173 1042 2250 1111111111-

40 2266 153 2316 mantas
168 2257 282 2335 quidem
296 2256 365 2316 haut
380 2256 473 2318 aliter.
502 2256 568 2316 Vita
586 2255 699 2316 leminis
716 2256 866 2334 quindenis
885 2256 965 2315 annis
980 2256 1046 2326 lon·¹

11 2342 171 2420 sepissima,
193 2340 318 2400 maribus
337 2342 458 2400 vicenis.
490 2339 578 2398 robur
592 2341 622 2398 in
645 2340 867 2418 quinquennatu.
898 2339 1047 2398 lavatione.

44 2425 156 2486 calidae
179 2443 270 2502 aquae
294 2424 441 2486 traduntur
456 2425 661 2502 pinguescere,
684 2433 713 2482 et
733 2424 758 2482 si
780 2425 844 2501 quis
863 2424 953 2484 incisa
976 2433 1042 2484 cute

45 2510 172 2588 spiritum
189 2509 345 2568 harundine
361 2509 516 2568 inviscera
531 2508 637 2584 adigat.
660 2505 725 2566 Non
740 2508 906 2584 degeneres
919 2510 1025 2568 existu·
1035 2517 1085 2572 179

45 2592 138 2654 mandi
154 2595 236 2653 etiam
250 2593 341 2652 minus
357 2593 470 2652 laudato
490 2593 640 2671 adspectu.
673 2592 833 2670 plurumum
855 2591 940 2652 laetis
960 2592 1042 2671 Alpi-

45 2679 90 2738 nis
111 2676 209 2754 quihus
229 2679 380 2736 niinumum
397 2678 541 2754 corporis,
564 2678 724 2756 plurumum
739 2676 849 2736 laboris
864 2679 959 2754 capite
984 2695 1043 2736 non

15 2762 161 2824 acervice
184 2762 298 2820 iunctis.
335 2762 462 2835 Syriacis
484 2779 542 2820 non
566 2770 631 2820 sunt
659 2759 788 2838 palearia
817 2760 868 2820 sed
895 2761 999 2836 gibber
1009 2763 1043 2822 in

48 2847 144 2908 dorso.
173 2842 269 2906 (larici
286 2863 402 2923 quicque
418 2846 446 2903 in
462 2853 543 2923 perte
559 2845 647 2904 Asiae
662 2843 742 2904 ioedi
756 2846 819 2904 visu
833 2843 936 2904 tubere
952 2863 1042 2922 super

50 2947 170 2992 armosa
187 2929 349 2990 cervicibus
363 2931 517 3004 eminente,
535 2929 639 2988 lunatis
655 2928 802 3002 cornibus,
819 2929 1001 2991 excellentes
1014 2929 1043 2987 in

51 3013 314 3094 operenarranlur,
342 3024 441 3072 cetero
464 3015 537 3090 nigri
560 3013 669 3072 coloris
688 3011 838 3074 candidive
861 3014 896 3073 ad
912 3012 1043 3074 lahorem

52 3100 218 3160 damnantur.
250 3099 339 3158 tauris
354 3099 462 3157 minora
487 3115 571 3175 quarn
592 3095 687 3156 bubus
708 3115 815 3164 cornua
841 3099 1040 3174 tenuioreque.

22 3183 191 3244 ttDomitura
213 3182 300 3247 boum
315 3184 343 3242 in
365 3184 496 3257 trimatu,
523 3190 628 3259 postea
642 3199 728 3258 sera,
750 3191 815 3245 aute
833 3188 1086 3260 praematura-180

54 3276 242 3347 optumatum
260 3268 368 3327 domito
384 3269 522 3326 iuvencus
539 3264 670 3324 imbuitur.
702 3268 812 3326 socium
835 3267 909 3326 euim
933 3263 1042 3324 laboris

56 3354 165 3430 agrique
186 3352 315 3412 culturae
338 3350 475 3410 habemus
499 3349 556 3409 hoc
584 3351 686 3410 animal
714 3359 809 3412 tantae
832 3349 907 3427 apud
927 3349 1043 3426 priores

59 3455 136 3497 curae
157 3443 185 3494 ut
207 3438 245 3494 sit
266 3437 340 3494 inter
356 3435 490 3513 exempla
514 3435 693 3494 damnatusa
716 3434 825 3512 populo
847 3432 976 3494 Romano
995 3432 1043 3496 die
1085 3501 1087 3506 ¹
