2462 3900
165 145 226 208 280
474 101 778 204 cennusnoosur

126 311 218 376 istm
233 311 282 370 lex
299 302 494 390 antiquissima
509 311 575 372 luit:
594 310 712 371 oleam
726 327 769 370 ne
784 309 1067 386 stringito-nere
1083 327 1173 370 ver·

163 395 303 455 berato.
332 397 379 474 qui
396 395 559 454 cautissime
575 403 662 472 agunt
676 393 833 454 harundine
848 391 906 452 leri
919 393 979 452 ictu
990 410 1047 452 nec
1058 392 1172 454 adrer-

165 495 214 539 ιιι
229 479 391 558 percutiunt
412 495 517 538 ιιιιιι.
548 478 592 538 ιιι
613 494 729 556 qaoque
749 477 898 538 alternare
919 477 1029 537 lructns
1049 479 1173 554 cogitur

164 563 295 624 decussis
312 561 499 640 germinibus,
516 579 571 622 aec
586 565 677 622 minus
695 563 720 622 si
734 570 925 641 exspectetur
937 569 968 620 nt
984 561 1081 635 cadet,
1099 561 1173 622 bae·

163 648 253 708 reoda
270 646 433 708 enimultra
454 665 535 706 suum
555 655 667 726 tempus
679 645 832 706 ιιιιιιιιιιιι
846 643 1027 706 venientibus
1044 644 1190 711 alimen-r

163 740 238 808 tam,
262 739 293 791 ιι
306 731 437 792 detinent
450 731 556 791 locum·
580 739 777 808 argumentum
790 739 855 805 est,
878 729 955 808 quod
970 730 1024 788 nisi
1039 737 1114 790 ante
1125 726 1171 790 ia·

162 815 277 876 aonium
299 815 443 875 collectae
462 832 554 874 novas
573 816 644 874 viris
664 823 811 874 resumunt
825 823 861 874 et
883 812 1029 874 diflicilios
1048 814 1173 874 cadurs

121 907 156 962 13
184 907 186 916 '
228 899 291 979 (4.)
315 899 408 958 Prima
425 915 496 975 ergo
513 898 549 959 ab
567 908 700 958 autumna
717 897 865 974 colligitur
878 899 947 957 vitio
963 913 1172 975 operae,rros

162 992 298 1057 naturae,
322 984 405 1060 posia
421 984 466 1042 cui
483 982 643 1059 plurumum
659 983 767 1057 carnis,
787 998 858 1042 raon
873 980 1001 1043 orchites
1022 981 1073 1040 cni
1096 982 1170 1056 olei,

163 1075 230 1144 post
243 1066 350 1126 radius.
377 1066 430 1127 bas
448 1067 522 1126 enim
537 1067 672 1126 ocissime
690 1076 814 1146 occupat
827 1075 940 1141 aestas,
959 1065 1026 1144 qnia
1039 1075 1112 1125 sunt
1126 1075 1200 1125 ιιι-ιι

162 1151 315 1210 ιιιιιιιιι.
342 1167 457 1210 amurca
475 1152 557 1228 cogit
576 1150 725 1211 decidere,
756 1149 925 1210 dilierantur
940 1165 1012 1208 aero
1034 1150 1128 1210 etiam
1140 1151 1172 1210 ιιι

161 1231 293 1294 llartiam
309 1251 439 1295 mensem
455 1233 596 1308 callosae,
613 1244 714 1296 contra
726 1233 854 1296 umorem
866 1246 1013 1312 pugnaces
1025 1232 1064 1292 cb
1078 1234 1170 1312 idque

161 1319 318 1394 minumae,
340 1318 462 1395 blciuia,
488 1318 633 1394 Caminia,
663 1317 782 1394 Gontia,
804 1319 929 1394 Sergia,
956 1333 1042 1396 quam
1065 1317 1170 1378 Sabini

162 1405 272 1480 regiam
285 1413 408 1478 vocant,
433 1420 490 1463 nco
507 1413 573 1464 ante
592 1403 690 1463 favoni
711 1402 845 1464 adllatum
864 1398 1085 1478 nigrescentes,
1111 1401 1170 1462 hoc

120 1495 154 1547 14
164 1496 208 1546 est
224 1505 250 1547 a.
267 1487 295 1547 d.
311 1500 358 1547 vl.
374 1487 437 1547 idus
452 1485 540 1548 Febr.
568 1497 636 1546 tunc
651 1487 823 1548 arbitrantur
839 1504 889 1546 eas
903 1493 1123 1561 maturescere,
1141 1494 1197 1545 atu

162 1574 295 1648 quoniam
310 1571 544 1649 probaiisaimum
565 1589 603 1631 ex
616 1573 652 1631 iis
668 1572 716 1632 liat
729 1572 836 1646 oleum,
858 1569 1002 1630 accedere
1016 1571 1107 1629 etiam
1121 1587 1168 1630 ra·

161 1655 201 1714 tio
216 1655 350 1733 pravitati
366 1655 488 1716 videtur.
519 1656 672 1733 feruntque
687 1655 799 1732 frigore
815 1651 995 1715 sterilitatem
1013 1653 1089 1729 lieri,
1111 1655 1168 1714 aio·

161 1746 192 1798 at
208 1739 321 1834 copiam
334 1741 515 1814 maturitate,
538 1757 601 1798 cum
616 1741 652 1799 sit
667 1739 718 1800 illa
734 1739 848 1798 bonitas
865 1739 1095 1815 nontemposis,
1112 1737 1168 1797 scd

161 1821 294 1896 generis,
316 1821 397 1881 tarde
412 1824 663 1919 putrescentium
655 1841 683 1881 ιι
700 1840 854 1924 amurcam
884 1821 985 1881 similis
1003 1838 1088 1880 error
1106 1821 1166 1881 ccl·

161 1903 266 1962 lectam
281 1904 441 1964 ιιιιιιιι
433 1923 461 1964 ιι
482 1903 618 1966 tabulatis
634 1924 689 1966 ιιι
706 1909 786 1987 prius
804 1923 888 1984 quam
903 1905 986 1966 sudet
1000 1905 1166 1991 premendi,
1174 1921 1196 1962 ιι

161 2003 226 2047 cum
247 1987 322 2047 omni
345 2005 424 2049 mara
448 1990 542 2050 oleam
564 1989 733 2068 decrescat,
755 2008 871 2052 amurca
887 1997 1037 2066 augeatur.
1065 1991 1167 2068 itaque
1218 2067 1220 2070 Ι

160 2071 250 2150 volgo
276 2087 334 2133 ιιι
358 2073 480 2152 amplius
502 2091 590 2135 senas
613 2075 701 2135 libras
723 2075 844 2176 singulis
858 2074 963 2134 modiis
982 2074 1113 2151 exprimi
1127 2073 1166 2134 di·
1219 2099 1220 2102 ¹

161 2164 238 2216 cunt.
265 2175 399 2219 amurcae
415 2175 577 2220 mensuram
588 2177 677 2220 nemo
693 2160 762 2236 agit,
780 2167 884 2237 quanto
900 2175 935 2218 aa
953 2159 1107 2235 copiosior
1121 2175 1166 2216 re·

119 2249 152 2300 15
161 2242 289 2319 periatur
311 2243 340 2300 in
362 2243 467 2303 eodem
486 2261 597 2320 genere
620 2241 723 2304 diebus
745 2243 876 2306 adiectis.
905 2243 1019 2302 omnino
1039 2242 1166 2302 invictas

161 2341 244 2385 error
265 2335 311 2386 cst
327 2326 469 2404 publicus·
482 2336 595 2386 ιιιιιιι
616 2326 712 2387 olivae
728 2345 866 2387 cresccre
883 2326 979 2387 oleum
997 2326 1195 2386 existiman-s

160 2407 200 2483 di,
216 2426 279 2468 cum
294 2413 466 2487 praesertim
481 2425 538 2470 nec
556 2410 748 2487 magnitudine
766 2411 879 2488 copiam
894 2409 954 2470 olei
971 2417 1111 2470 constare
1125 2411 1165 2468 ir·

159 2490 235 2550 dicio
251 2492 308 2552 sint
324 2510 398 2570 qnae
416 2495 516 2571 regiae
530 2504 689 2571 uocantur,
711 2495 748 2554 ab
766 2495 830 2554 aliis
847 2495 1022 2568 maioriaae,
1045 2491 1086 2552 ab
1101 2493 1164 2554 aliia

159 2571 300 2649 babbiae,
317 2576 544 2654 grandissimae,
562 2578 670 2656 alioqui
687 2579 810 2639 minuma
825 2596 907 2640 succ.
934 2587 963 2638 et
979 2575 1165 2655 irrslegyptc

160 2659 371 2718 carnosissimis
394 2661 452 2723 olei
480 2663 632 2762 exiguum,
654 2661 798 2742 Decapcli
816 2663 1006 2736 aemoniae
1023 2677 1165 2738 perquam

159 2757 283 2820 parvae,
307 2760 363 2804 nec
388 2747 507 2824 cappari
532 2747 673 2821 maiores,
696 2762 782 2806 carne
803 2755 899 2806 tamen
919 2745 1193 2806 commendantium·

82 2857 86 2871 ‹
116 2835 151 2888 16
161 2843 243 2903 quam
266 2827 304 2886 ob
327 2845 442 2890 causam
464 2829 572 2892 ltalicis
593 2832 798 2890 transmarinae
818 2829 1063 2916 praeieruntorin
1079 2826 1164 2902 cibis,

160 2927 224 2970 cum
239 2911 314 2972 oleo
322 2912 489 2990 uincantur,
514 2915 567 2975 ιι
558 2931 586 2973 ιι
603 2915 666 2993 ipsa
681 2914 762 2976 ltalia
781 2917 888 2974 ceteris
902 2914 1027 2974 Picenae
1044 2919 1077 2970 et
1091 2909 1176 2972 Sidi

160 2995 252 3055 cinae.
283 2997 347 3056 sale
368 2996 437 3057 illae
456 2995 587 3076 privatim
609 2998 778 3060 condiuntur
799 3008 830 3058 et
849 3007 880 3059 ut
900 2999 1032 3074 reliquae
1048 3012 1166 3056 amurca

159 3095 279 3158 separe,
292 3099 407 3142 necnon
418 3081 533 3160 aliquae
546 3082 613 3143 oleo
626 3099 679 3144 suo
692 3086 753 3144 sine
766 3083 906 3144 arcessita
915 3079 1165 3144 commendatione

127 3191 130 3198 ⁴
158 3180 249 3240 purae
270 3165 413 3242 innatant,
436 3166 643 3242 colymbades
664 3168 834 3245 franguntur
852 3167 973 3228 eaedem
996 3163 1164 3224 herbarum·
1154 3181 1192 3223 -a

65 3303 68 3314 ,
159 3263 218 3325 que
233 3247 365 3310 viridium
379 3267 487 3330 sapore
505 3252 782 3312 quadrumplum
804 3259 834 3310 ιι
850 3267 1029 3330 praecoces
1037 3246 1164 3308 lerseoti

160 3345 233 3406 aqua
249 3333 387 3409 perfusae
404 3333 581 3414 quamlibeat
597 3337 765 3399 inmaturae.
799 3336 959 3415 mirumque
981 3332 1098 3394 dulcem
1117 3349 1163 3390 su·

116 3418 224 3476 licam
244 3414 337 3478 olivas
359 3418 462 3482 bibere
486 3427 515 3479 et
536 3419 632 3480 alieno
656 3437 764 3500 sapore
784 3419 874 3480 inici.
905 3419 1079 3498 Purpureae
1099 3420 1164 3474 aaut
