2444 3908
146 156 206 222 130
499 165 529 214 c.
547 165 642 214 nunu
657 163 806 216 sacerna

121 315 126 322 ⁵
146 324 219 404 lessi
233 324 418 402 proferuntur
434 323 469 400 ad
485 323 604 400 pomos,
616 320 654 380 ita
672 321 762 382 ceteri
776 321 1063 400 niparinne'aaruratt
1078 343 1148 402 pro·

145 407 258 488 pellunt
273 426 334 467 eos.
366 404 558 466 Candidorum
572 403 693 464 alterurn
707 405 832 482 vectigal
853 407 882 466 in
898 406 1003 484 pluma.
1032 408 1146 468 vellun-

146 502 191 551 tur
210 491 378 570 quibusdam
400 491 475 550 locis
496 488 540 548 bis
563 505 646 546 anno.
681 505 780 548 rursus
800 489 954 568 plumigeri
974 493 1146 552 vestiuntur.

146 577 271 650 mollior,
288 594 362 655 quae
379 573 496 652 corpori
517 569 667 650 prouisum,
694 581 722 630 et
739 591 755 632 e
772 571 922 634 Germania
933 575 1145 638 laudatissima.

36 721 38 726 ,
76 669 83 679 “
106 660 261 723 otcandidi
275 660 324 734 ibi,
336 675 437 718 verum
452 657 590 730 minores,
605 664 710 732 gantae
723 665 871 716 vocantur.
894 660 1019 737 pretium
1031 659 1170 738 plumaen

147 761 245 806 eorum
267 745 294 802 in
315 741 405 801 libras
426 739 535 800 denarii
558 740 644 816 quini.
683 748 713 798 et
732 740 797 800 inde
827 742 943 802 crImina
973 743 1147 822 plerumque

147 827 281 888 auxilium
297 825 456 904 praelectis
471 841 487 882 a
502 822 583 900 vigili
600 824 723 884 statione
740 825 775 886 ad
791 825 866 885 baec
883 827 1005 904 aucupia
1021 826 1147 889 dimissis

146 907 314 973 cohortibus
330 909 408 967 totis.
441 923 535 985 eoque
557 907 679 968 deliciae
702 925 879 986 processere
903 919 932 969 ut
951 911 1015 968 sine
1031 910 1091 970 hoc
1106 912 1146 970 in·

145 1003 301 1056 strumento
319 991 423 1052 durare
437 992 492 1050 iam
509 1009 546 1050 ne
563 993 688 1050 virorum
706 992 821 1069 quidem
838 994 972 1052 eervices
988 996 1112 1070 possint.

11 1109 15 1119 ·
103 1091 138 1142 55
207 1073 292 1155 (28.)
316 1073 403 1135 Aliud
425 1075 536 1153 reperit
551 1075 652 1149 Syriae
672 1092 739 1156 pars
756 1093 829 1152 quae
847 1073 1042 1154 Commagene
1058 1095 1177 1138 voca-n

145 1169 200 1237 tur,
217 1159 331 1238 adipem
347 1176 447 1219 eorum
459 1161 486 1218 in
501 1176 571 1218 vase
589 1175 677 1218 aereo
691 1177 754 1218 cum
766 1159 896 1219 cinnamo
908 1161 973 1219 nive
989 1161 1079 1220 multa
1097 1161 1147 1220 ob·

144 1253 236 1304 rutum
252 1263 286 1304 ac
308 1246 406 1322 rigore
429 1243 528 1320 gelido
553 1251 727 1302 maceratum
749 1243 784 1314 ad
800 1261 881 1302 usum
897 1243 1041 1322 praeclari
1058 1244 1148 1305 medi·

145 1328 261 1388 caminis
277 1323 354 1407 quod
369 1326 404 1387 ab
419 1335 507 1404 gente
523 1325 626 1386 dicitur
641 1323 873 1402 Commagenum.

103 1422 137 1476 56
207 1411 291 1490 (29.)
315 1412 450 1470 Anserini
464 1411 582 1488 generis
600 1418 664 1470 sunt
684 1407 902 1488 chenalopeces
922 1420 952 1470 et
966 1410 1072 1488 quibus
1089 1411 1146 1470 lan·

144 1497 235 1554 tiores
262 1495 363 1574 epulas
390 1511 448 1553 non
472 1493 551 1553 novit
570 1490 731 1567 Britannia,
754 1493 929 1554 chenerotes
951 1494 1014 1554 iere
1041 1513 1147 1556 ansere
1157 1513 1177 1554 n

48 1583 49 1586 ’
145 1580 281 1637 minores.
311 1577 406 1636 Decet
431 1587 577 1637 tetraonas
605 1595 673 1636 suus
702 1577 778 1636 nitor
807 1577 998 1656 absolutaque
1021 1579 1148 1654 nigritia,

145 1663 174 1720 in
189 1661 352 1738 superciliis
375 1661 458 1720 cocci
481 1659 579 1720 rubor.
625 1660 747 1720 alterum
769 1678 869 1720 eorum
893 1679 985 1738 genus
1002 1661 1149 1722 vulturum

145 1743 367 1820 magnitudinem
386 1742 518 1818 excedit,
544 1759 663 1822 quorum
681 1752 709 1802 et
725 1743 855 1804 colorem
872 1744 977 1805 reddit.
1010 1763 1068 1804 nec
1090 1745 1149 1805 ulla

146 1827 208 1886 ales
231 1835 357 1905 excepto
379 1825 603 1887 struthocamelo
627 1827 717 1886 maius
740 1846 866 1906 corpore
887 1829 1002 1907 inplens
1021 1827 1148 1907 pondus,

144 1912 174 1968 in
196 1919 301 1969 tantum
321 1920 403 1971 aucta
426 1910 503 1970 utin
532 1920 609 1970 terra
636 1928 751 1989 quoque
774 1910 917 1971 inmobilis
940 1911 1147 1991 prehendatur.
1156 1925 1178 1964 20

145 1995 265 2070 gignunt
279 2010 332 2052 eos
349 1993 442 2073 Alpes
461 2003 489 2054 et
505 1995 738 2072 septentrionalis
762 1996 854 2072 regio.
886 1997 914 2054 in
929 1996 1044 2056 aviariis
1061 2014 1147 2074 sapo-

104 2085 207 2141 aurern
232 2076 362 2156 perdunt.
393 2079 551 2138 moriuntur
573 2080 750 2140 contumacia
768 2081 869 2157 spiritu
891 2088 1042 2140 revocato.
1079 2079 1147 2138 Pro·

146 2179 250 2222 xumae
272 2162 315 2222 eis
331 2171 395 2221 aaut
412 2181 483 2242 quas
505 2162 641 2241 Hispania
659 2163 721 2222 avis
745 2163 842 2223 tardas
859 2163 999 2242 appellat,
1023 2162 1148 2222 Graecia

147 2235 281 2322 ὠτίδας,
305 2247 451 2308 damnatas
475 2247 504 2307 in
530 2245 612 2307 cibis.
645 2248 749 2309 emissa
775 2248 848 2306 enim
878 2246 993 2309 ossibus
1020 2245 1152 2327 medulla

147 2329 244 2389 odoris
266 2331 389 2391 taedium
410 2329 557 2408 extemplo
576 2332 714 2409 sequitur.
1156 2347 1178 2386 aa

106 2421 140 2474 58
210 2412 259 2472 23.
278 2413 362 2493 (30.)
385 2413 518 2474 luduoias
533 2413 622 2474 babet
636 2433 709 2492 gens
720 2413 864 2492 Pygmaea
876 2413 1015 2473 abscessu
1031 2430 1160 2498 gruum,⁴

104 2503 187 2554 aaut
205 2493 341 2570 diximus,
365 2515 427 2555 curn
450 2497 483 2555 iis
500 2496 698 2556 dimicantium.
731 2498 876 2556 inmensus
901 2506 946 2557 est
965 2505 1075 2556 tractus
1092 2513 1149 2574 quo

148 2567 281 2650 veniunt,
305 2580 329 2635 si
346 2580 409 2656 quis
424 2587 549 2657 reputet,
566 2599 581 2639 a
599 2581 669 2639 mari
685 2579 760 2641 Eoo.
795 2581 908 2660 quando
926 2580 1151 2659 proficiscantur

151 2659 352 2736 consentiunt‚'
367 2662 470 2722 ¹volant
491 2663 525 2722 ad
540 2663 773 2741 prospiciendum
793 2665 861 2740 alte,
882 2665 984 2740 ducem
1001 2679 1088 2740 quem
1104 2681 1150 2721 se·

150 2749 270 2819 quantur
287 2743 405 2821 eligunt,
422 2747 450 2805 in
466 2756 596 2806 extremo
617 2749 728 2825 agmine
746 2767 800 2826 per
820 2749 891 2809 vicis
914 2749 963 2827 qui
986 2745 1151 2806 adclament
1159 2761 1180 2802 ao

109 2835 143 2888 59
153 2827 309 2904 dispositos
320 2826 426 2888 habent
443 2841 472 2890 et
488 2833 536 2909 qui
555 2849 675 2908 gregem
695 2848 770 2891 voce
797 2833 971 2892 contineant.
1008 2828 1162 2904 excubias

149 2909 255 2971 habent
276 2914 423 2970 nocturnis
445 2914 623 2993 temporibus
646 2915 772 2992 lapillum
799 2916 874 2996 pede
896 2914 1074 2988 sustinentis,
1102 2913 1149 2992 qui

80 3035 82 3037 -
150 2993 261 3054 laxatus
280 3007 380 3054 somno
397 3005 426 3055 et
452 2998 589 3058 decidens
605 2997 810 3075 indiligentiam
832 3007 980 3075 coarguat.
1029 3005 1148 3055 celerat

151 3077 292 3138 dormiunt
313 3081 407 3156 capite
430 3080 528 3140 subter
548 3083 621 3141 alam
652 3083 767 3142 condito
791 3082 908 3144 alternis
931 3079 1054 3162 pedibus
1079 3059 1146 3136 insi-

153 3169 270 3221 stentes.
290 3163 346 3221 dux
359 3173 459 3222 erecto
474 3165 608 3242 providet
623 3165 699 3226 collo
713 3185 747 3226 ac
762 3165 912 3245 praedicit.
937 3163 1057 3224 eaedem
1068 3177 1146 3219 man·
1156 3181 1179 3220 aa

155 3244 301 3321 sueiactae
318 3247 477 3322 lasciviunt,
502 3265 651 3327 gyrosque
668 3250 805 3328 quosdam
825 3249 963 3310 indecoro
988 3261 1074 3304 eursu
1098 3241 1146 3302 vel

111 3332 146 3386 60
155 3327 284 3404 singulae
307 3341 456 3408 peragunt.
496 3341 604 3391 certum
625 3342 670 3391 est
697 3329 1066 3393 Pontum'transvolaturas
1089 3325 1145 3404 pri·

154 3425 227 3468 mum
251 3416 372 3474 omnium
388 3417 534 3493 angustias
556 3426 657 3494 petere
674 3419 749 3476 inter
770 3415 825 3474 duo
847 3407 1146 3492 promontoriaCriu·
