2462 3900
287 229 368 278 nur.
384 226 473 278 9199.
490 229 546 280 xv.
563 225 683 282 uae-as.
699 217 850 299 ’(94-99.)
996 223 1057 286 295
1113 247 1120 268 x

57 381 195 446 Glandes
220 379 294 443 inter
314 374 400 463 poma
422 387 563 447 numerari
585 402 642 446 non
663 384 805 465 possunt‚'
822 376 1011 468 qumnolrrem
1031 392 1059 451 in

4 487 115 528 «sua
139 467 399 529 naturadloeutur.
512 495 521 520 r
1001 473 1003 477 ’
1071 476 1100 518 ¹⁶2
1209 519 1211 524 ,

129 549 216 632 (27.)
242 550 364 630 Reliqua
384 553 498 613 carnosi
517 561 582 613 sunt
599 553 731 630 generis,
753 570 846 634 eaque
867 551 947 615 bacis
969 518 1100 634 91999111

58 634 202 703 carnibus
223 635 336 695 distant.
365 635 421 697 alia
442 637 531 697 acinis
547 653 632 712 caro,
655 637 710 697 alia
724 639 829 712 moris,
851 638 908 700 alia
922 639 1058 700 unedoni-

33 719 137 794 91999,
157 724 190 778 ‘et
209 718 265 778 9119
286 720 374 778 991919
395 721 470 780 inter
489 727 582 780 cutem
601 737 773 798 sucumque,
795 718 978 797 dilamulis,
1001 723 1058 783 alia

58 803 147 864 bacis
169 811 197 862 91
216 802 310 862 911919.
340 801 429 872 1119919
446 821 532 863 99999
550 804 579 863 19
597 807 683 864 carne
697 805 915 882 vinosus,‘triui
929 805 1056 882 colores,
1067 815 1100 872 97

60 884 205 946 candidus
228 887 338 965 primo,
357 903 425 946 mox
443 887 567 963 rubens,
588 888 704 947 maturis
724 888 815 965 niger.
850 889 878 948 in
896 889 1058 951 novissimis
1171 922 1172 928 κ

60 969 183 1046 florent,
196 970 272 1030 inter
283 971 374 1048 prima
387 980 589 1032 maturescunt.
618 972 728 1048 tingunt
741 989 840 1032 manus
854 987 925 1032 suco
939 981 1059 1048 matura,

61 1054 168 1114 eluunt
187 1053 302 1114 acerba.
330 1055 481 1122 minumum
498 1055 526 1114 in
540 1053 594 1114 hac
611 1053 717 1115 arbore
733 1056 847 1132 ingania
861 1055 1059 1134 proiecerunt,
1082 1105 1084 1116 ,
1104 1069 1107 1080 ·

24 1158 52 1200 ro
61 1155 122 1200 999
137 1137 298 1197 nominibus
313 1155 367 1198 nec
383 1140 473 1199 insitis
489 1137 617 1197 9999119
633 1136 717 1197 modo
734 1155 817 1215 quarn
830 1141 908 1216 pomi
920 1141 1058 1217 19999119-
1164 1193 1170 1200 .

64 1221 143 1282 dinc.
174 1221 305 1280 dilleruut
318 1239 399 1283 mora
413 1221 556 1281 Ostiensis
571 1229 600 1280 91
614 1219 776 1286 Tusculana
789 1219 909 1282 Romae.
939 1240 1060 1282 nascun-

63 1314 111 1364 tur
129 1312 158 1363 et
173 1305 202 1362 iu
214 1303 292 1364 rubis
305 1305 421 1365 multum
435 1304 587 1365 differente
607 1303 693 1364 99119.
861 1367 863 1371 ,

6 1381 26 1445 .’
116 1385 215 1467 ’(28.)
237 1386 322 1447 Aliud
337 1400 443 1466 corpus
465 1396 510 1448 est
528 1387 715 1449 terrestribus
733 1387 840 1466 fragis,
861 1388 1102 1466 circumagens

64 1473 130 1531 neri
153 1487 253 1533 eorum
270 1471 410 1547 unedoni,
424 1470 510 1550 qnod
533 1471 624 1532 solum
646 1488 760 1550 pomum
782 1472 873 1533 simile
895 1472 988 1532 frutici
1003 1481 1074 1543 ter·¹
1207 1483 1212 1496 ’

28 1573 177 1633 raraeque
189 1554 323 1633 gignitur.
355 1555 442 1616 arbor
457 1552 520 1634 ipsa
532 1555 683 1615 fruticosa.
712 1556 821 1615 fructus
845 1572 917 1615 anno
939 1547 1060 1614 mature·

67 1641 139 1715 soit,
160 1640 326 1717 pariterque
339 1639 424 1699 lloret
439 1639 616 1700 subnascens
636 1647 667 1698 91
684 1641 764 1718 prior
782 1640 923 1718 coquitur.
950 1655 1010 1698 mas
1025 1639 1062 1698 911

67 1741 104 1783 an
122 1722 227 1782 femina
247 1723 355 1785 sterilis
375 1724 451 1784 inter
468 1730 604 1788 auctores
623 1739 680 1782 uon
694 1730 815 1782 constat.
846 1739 960 1801 pomum
978 1721 1056 1780 iuluo·
1068 1729 1102 1785 99

67 1822 185 1881 uorum,
204 1815 234 1866 ut
255 1807 300 1864 uui
320 1819 424 1867 nornen
438 1825 476 1867 ex
489 1814 656 1884 argumento
672 1807 709 1866 911
721 1808 806 1867 uuum
824 1813 930 1866 tantum
948 1803 1061 1864 edendi.

69 1889 183 1951 duobus
204 1898 299 1950 tamen
317 1890 373 1951 hoc
392 1891 552 1952 nominibus
572 1889 718 1970 appellant
736 1888 856 1966 Graeci,
878 1905 1013 1949 comaron
1034 1897 1064 1948 et

31 1997 60 2039 20
70 1972 267 2050 memecylon,
289 1990 346 2052 quo
368 1973 488 2053 adparet
503 1973 628 2035 'totidem
643 1991 710 2034 esse
724 1991 843 2050 genera.
870 1981 900 2032 91
918 1970 994 2050 apud
1009 1988 1062 2030 nos

70 2059 127 2119 alio
148 2057 260 2116 nomine
280 2056 396 2116 arbutus
417 2066 547 2117 vocatur.
574 2055 643 2117 luba
658 2065 759 2116 auctor
774 2065 823 2117 est
834 2057 1062 2134 quinquagenum

71 2140 231 2202 cubitorum
246 2141 391 2212 altitudine
406 2141 434 2199 iu
448 2139 555 2200 Arabia
571 2156 638 2198 esse
653 2157 715 2198 999.

130 2223 214 2303 (29.)
237 2223 397 2284 Acinorum·
411 2240 526 2302 quoqne
547 2238 649 2299 magna
668 2229 713 2280 991
728 2220 904 2295 differentia,
926 2217 1044 2299 primurn
1055 2229 1105 2282 100

71 2311 145 2368 inter
157 2325 227 2368 uvas
242 2309 319 2387 ipsas
335 2306 421 2383 99119,
437 2305 602 2381 teneritate,
621 2304 819 2380 crassitudine,
833 2303 970 2362 interiore
982 2301 1060 2379 ligno

35 2391 139 2458 9991119
151 2407 242 2470 parvo
261 2399 290 2450 91
310 2391 372 2451 91119
393 2390 621 2467 9199999199,
642 2388 690 2467 qui
703 2387 824 2448 minume
839 2386 953 2448 feraces
969 2385 1061 2444 musti.

73 2477 230 2556 plurumum
243 2490 315 2534 vero
337 2475 468 2542 dillerunt
489 2472 624 2534 hederae*
635 2470 794 2550 sabucique
813 2471 902 2544 acini,
925 2477 960 2553 91
972 2469 1077 2544 ligura,

4 2589 5 2592 ¹
73 2560 157 2621 etiam
174 2554 288 2634 Punici,
308 2557 440 2635 angulosi
458 2557 565 2636 quippe
588 2555 654 2616 soli.
691 2573 746 2617 nec
770 2555 843 2615 99119
865 2551 923 2641 9119
943 2551 1073 2628 singulis

74 2651 190 2723 practer
207 2647 473 2720 communemqnae
486 2650 532 2700 est
552 2637 681 2702 candida.
708 2639 834 2716 totisque
848 2655 934 2698 sucus
949 2645 979 2696 91
994 2651 1062 2696 caro
1186 2695 1191 2700 .

76 2736 136 2802 991,
160 2725 195 2786 119
215 2726 372 2804 praecipue
394 2725 497 2804 quilmq
517 2723 668 2803 parvolum
689 2724 762 2783 inest
778 2721 858 2799 ligni.
891 2719 994 2796 llagn'a
1014 2726 1104 2779 91191

4 2865 6 2870 .
41 2809 154 2874 sabanis
166 2809 335 2870 differentia.
360 2807 435 2869 aliae
447 2826 567 2888 namque
580 2815 645 2868 9991
658 2807 752 2881 911919,
767 2805 856 2868 lauris
868 2803 965 2864 etalio
976 2800 1071 2868 modo
1092 2845 1094 2849 .

77 2893 152 2969 1919,
174 2893 285 2971 cornis,
306 2893 362 2954 alio
375 2894 491 2968 myrtis,
510 2892 643 2952 lentisco.
670 2890 807 2970 aquifolio
822 2889 899 2950 eninr
914 2903 949 2946 ac
962 2885 1063 2964 spinae

77 2979 237 3053 91999999,
257 2975 409 3054 medioque
424 2977 574 3036 etiamnum
588 2993 699 3054 gener-e
715 2975 788 3035 inter
801 2972 889 3034 bacas
906 2969 1064 3048 acinosque

4 3073 5 3076 ’
80 3061 193 3122 cerasis.
219 3055 334 3140 pomum
347 3061 396 3120 lis
419 3061 511 3138 primo
529 3059 678 3120 candidum
698 3067 726 3118 et
743 3059 806 3132 iere
827 3053 956 3117 omnibus
971 3050 1062 3111 bacis.

80 3161 142 3206 mox
153 3143 215 3216 aliis
228 3146 356 3220 virescit,
372 3144 518 3218 91911999,
533 3142 636 3217 laurul,
651 3141 736 3216 rubet
747 3158 817 3202 vero
831 3138 929 3214 moris,
943 3134 1063 3208 cerasis,

46 3229 181 3295 99999919.
210 3228 277 3289 1919
288 3229 427 3306 nigrescit
439 3227 543 3302 moris,
561 3226 680 3300 cerasis,
696 3224 790 3286 olivis.
845 3215 851 3234 ⁸

137 3311 187 3374 25,
209 3311 293 3392 (30.)
309 3310 410 3372 Gerasi
424 3320 489 3371 9919
505 3310 652 3370 uictoriam
664 3299 1107 3372 111119119119991.1999111199

82 3412 135 3456 999
146 3395 227 3471 incre
241 3397 369 3472 19119119,
386 3395 422 3454 ad
431 3393 509 3456 urbis
524 3409 625 3453 annum
638 3393 790 3462 1199111111.
812 3389 840 3449 19
854 3389 973 3468 primurn
987 3385 1078 3445 vexit.

84 3479 221 3557 alento,
243 3481 381 3558 annisque
401 3491 471 3540 cxx
489 3485 566 3540 trans
587 3493 725 3546 oceanum
744 3476 771 3532 in
785 3471 954 3536 Britanniam
973 3487 1065 3549 usquc
1102 3509 1118 3526 ,1
