<?xml version="1.0" encoding="UTF-8"?>
<!DOCTYPE html PUBLIC "-//W3C//DTD XHTML 1.0 Transitional//EN"
    "http://www.w3.org/TR/xhtml1/DTD/xhtml1-transitional.dtd">
<html xmlns="http://www.w3.org/1999/xhtml" xml:lang="en" lang="en">
 <head>
  <title>
</title>
<meta http-equiv="Content-Type" content="text/html;charset=utf-8" />
  <meta name='ocr-system' content='tesseract 3.04.00' />
  <meta name='ocr-capabilities' content='ocr_page ocr_carea ocr_par ocr_line ocrx_word'/>
</head>
<body>
  <div class='ocr_page' id='page_1' title='image "./cplinisecundina12plingoog_0263.png"; bbox 0 0 2462 3900; ppageno 0'>
   <div class='ocr_carea' id='block_1_1' title="bbox 152 189 838 254">
    <p class='ocr_par' dir='ltr' id='par_1_1' title="bbox 152 189 838 254">
     <span class='ocr_line' id='line_1_1' title="bbox 152 189 838 254; baseline -0.012 -1"><span class='ocrx_word' id='word_1_1' title='bbox 152 190 158 206; x_wconf 68' lang='lat'>⁶</span> <span class='ocrx_word' id='word_1_2' title='bbox 182 189 244 254; x_wconf 76' lang='lat'>224</span> <span class='ocrx_word' id='word_1_3' title='bbox 529 197 559 248; x_wconf 86' lang='lat' dir='ltr'>c.</span> <span class='ocrx_word' id='word_1_4' title='bbox 575 197 671 246; x_wconf 79' lang='lat' dir='ltr'>surm</span> <span class='ocrx_word' id='word_1_5' title='bbox 686 197 838 246; x_wconf 83' lang='lat' dir='ltr'>snouuor</span> 
     </span>
    </p>
   </div>
   <div class='ocr_carea' id='block_1_2' title="bbox 48 351 1215 2957">
    <p class='ocr_par' dir='ltr' id='par_1_2' title="bbox 183 351 1191 686">
     <span class='ocr_line' id='line_1_2' title="bbox 184 351 1189 435; baseline -0.002 -17"><span class='ocrx_word' id='word_1_6' title='bbox 184 357 281 418; x_wconf 86' lang='lat' dir='ltr'>clusas</span> <span class='ocrx_word' id='word_1_7' title='bbox 302 357 410 435; x_wconf 87' lang='lat' dir='ltr'>primns</span> <span class='ocrx_word' id='word_1_8' title='bbox 434 356 558 416; x_wconf 89' lang='lat' dir='ltr'>omnium</span> <span class='ocrx_word' id='word_1_9' title='bbox 580 354 608 412; x_wconf 90' lang='lat' dir='ltr'>in</span> <span class='ocrx_word' id='word_1_10' title='bbox 630 351 744 430; x_wconf 88' lang='lat' dir='ltr'>templis</span> <span class='ocrx_word' id='word_1_11' title='bbox 767 352 887 430; x_wconf 81' lang='lat' dir='ltr'>capitoli</span> <span class='ocrx_word' id='word_1_12' title='bbox 903 361 993 430; x_wconf 87' lang='lat' dir='ltr'>atque</span> <span class='ocrx_word' id='word_1_13' title='bbox 1007 352 1096 412; x_wconf 64' lang='lat' dir='ltr'>heis</span> <span class='ocrx_word' id='word_1_14' title='bbox 1116 353 1189 416; x_wconf 77' lang='lat' dir='ltr'>dica</span> 
     </span>
     <span class='ocr_line' id='line_1_3' title="bbox 183 435 1190 519; baseline -0.006 -17"><span class='ocrx_word' id='word_1_15' title='bbox 183 442 224 502; x_wconf 84' lang='lat' dir='ltr'>vit</span> <span class='ocrx_word' id='word_1_16' title='bbox 247 442 402 519; x_wconf 88' lang='lat' dir='ltr'>imperator</span> <span class='ocrx_word' id='word_1_17' title='bbox 423 439 619 518; x_wconf 76' lang='lat' dir='ltr'><strong>Vespasianus</strong></span> <span class='ocrx_word' id='word_1_18' title='bbox 647 435 804 514; x_wconf 78' lang='lat' dir='ltr'>Augustus.</span> <span class='ocrx_word' id='word_1_19' title='bbox 844 436 972 498; x_wconf 86' lang='lat' dir='ltr'>radicem</span> <span class='ocrx_word' id='word_1_20' title='bbox 998 437 1063 495; x_wconf 90' lang='lat' dir='ltr'>eius</span> <span class='ocrx_word' id='word_1_21' title='bbox 1094 435 1190 515; x_wconf 69' lang='lat' dir='ltr'>magni</span> 
     </span>
     <span class='ocr_line' id='line_1_4' title="bbox 184 520 1190 604; baseline -0.005 -20"><span class='ocrx_word' id='word_1_22' title='bbox 184 525 321 604; x_wconf 89' lang='lat' dir='ltr'>ponderis</span> <span class='ocrx_word' id='word_1_23' title='bbox 335 525 455 586; x_wconf 82' lang='lat' dir='ltr'>uidimus</span> <span class='ocrx_word' id='word_1_24' title='bbox 472 523 500 582; x_wconf 91' lang='lat' dir='ltr'>in</span> <span class='ocrx_word' id='word_1_25' title='bbox 516 521 604 602; x_wconf 87' lang='lat' dir='ltr'>palati</span> <span class='ocrx_word' id='word_1_26' title='bbox 621 521 731 600; x_wconf 87' lang='lat' dir='ltr'>templo</span> <span class='ocrx_word' id='word_1_27' title='bbox 745 521 824 600; x_wconf 88' lang='lat' dir='ltr'>quod</span> <span class='ocrx_word' id='word_1_28' title='bbox 840 520 952 582; x_wconf 86' lang='lat' dir='ltr'>iecerat</span> <span class='ocrx_word' id='word_1_29' title='bbox 965 521 1035 581; x_wconf 79' lang='lat' dir='ltr'>diso</span> <span class='ocrx_word' id='word_1_30' title='bbox 1054 521 1190 598; x_wconf 76' lang='lat' dir='ltr'>Augusto</span> 
     </span>
     <span class='ocr_line' id='line_1_5' title="bbox 184 606 1191 686; baseline -0.001 -17"><span class='ocrx_word' id='word_1_31' title='bbox 184 611 309 669; x_wconf 85' lang='lat' dir='ltr'>coniunx</span> <span class='ocrx_word' id='word_1_32' title='bbox 326 609 474 686; x_wconf 72' lang='lat' dir='ltr'>Augusta,</span> <span class='ocrx_word' id='word_1_33' title='bbox 494 623 601 668; x_wconf 88' lang='lat' dir='ltr'>aureas</span> <span class='ocrx_word' id='word_1_34' title='bbox 624 607 744 683; x_wconf 86' lang='lat' dir='ltr'>paterae</span> <span class='ocrx_word' id='word_1_35' title='bbox 766 606 934 684; x_wconf 83' lang='lat' dir='ltr'>inpositam,</span> <span class='ocrx_word' id='word_1_36' title='bbox 958 622 1075 684; x_wconf 36' lang='lat' dir='ltr'>exrqsa</span> <span class='ocrx_word' id='word_1_37' title='bbox 1091 615 1191 682; x_wconf 68' lang='lat' dir='ltr'>guum</span> 
     </span>
    </p>

    <p class='ocr_par' dir='ltr' id='par_1_3' title="bbox 61 688 1208 853">
     <span class='ocr_line' id='line_1_6' title="bbox 61 688 1208 773; baseline -0.008 -18"><span class='ocrx_word' id='word_1_38' title='bbox 61 761 65 773; x_wconf 56' lang='grc'>,</span> <span class='ocrx_word' id='word_1_39' title='bbox 185 694 281 754; x_wconf 88' lang='lat' dir='ltr'>editae</span> <span class='ocrx_word' id='word_1_40' title='bbox 295 693 376 752; x_wconf 89' lang='lat' dir='ltr'>annis</span> <span class='ocrx_word' id='word_1_41' title='bbox 398 691 529 752; x_wconf 85' lang='lat' dir='ltr'>omnibus</span> <span class='ocrx_word' id='word_1_42' title='bbox 553 692 581 750; x_wconf 91' lang='lat' dir='ltr'>in</span> <span class='ocrx_word' id='word_1_43' title='bbox 601 707 693 767; x_wconf 59' lang='lat' dir='ltr'>mana</span> <span class='ocrx_word' id='word_1_44' title='bbox 707 688 907 765; x_wconf 79' lang='lat' dir='ltr'>donabantur,</span> <span class='ocrx_word' id='word_1_45' title='bbox 937 689 1034 750; x_wconf 87' lang='lat' dir='ltr'>donec</span> <span class='ocrx_word' id='word_1_46' title='bbox 1053 689 1085 748; x_wconf 94' lang='lat' dir='ltr'>id</span> <span class='ocrx_word' id='word_1_47' title='bbox 1111 691 1208 751; x_wconf 81' lang='lat' dir='ltr'>delo-s</span> 
     </span>
     <span class='ocr_line' id='line_1_7' title="bbox 184 776 697 853; baseline -0.01 -16"><span class='ocrx_word' id='word_1_48' title='bbox 184 777 266 838; x_wconf 82' lang='lat' dir='ltr'>bruni</span> <span class='ocrx_word' id='word_1_49' title='bbox 281 776 414 837; x_wconf 89' lang='lat' dir='ltr'>incendio</span> <span class='ocrx_word' id='word_1_50' title='bbox 431 783 626 853; x_wconf 86' lang='lat' dir='ltr'>consumptum</span> <span class='ocrx_word' id='word_1_51' title='bbox 642 783 697 834; x_wconf 88' lang='lat' dir='ltr'>est.</span> 
     </span>
    </p>

    <p class='ocr_par' dir='ltr' id='par_1_4' title="bbox 141 858 1212 1189">
     <span class='ocr_line' id='line_1_8' title="bbox 141 858 1188 938; baseline -0.007 -13"><span class='ocrx_word' id='word_1_52' title='bbox 141 871 175 926; x_wconf 85' lang='lat'>95</span> <span class='ocrx_word' id='word_1_53' title='bbox 242 861 325 938; x_wconf 83' lang='grc'>(43.)</span> <span class='ocrx_word' id='word_1_54' title='bbox 349 859 457 920; x_wconf 81' lang='lat' dir='ltr'>Frater</span> <span class='ocrx_word' id='word_1_55' title='bbox 472 869 502 919; x_wconf 85' lang='lat' dir='ltr'>et</span> <span class='ocrx_word' id='word_1_56' title='bbox 516 860 594 918; x_wconf 87' lang='lat' dir='ltr'>casia</span> <span class='ocrx_word' id='word_1_57' title='bbox 606 868 661 933; x_wconf 77' lang='lat' dir='ltr'>cst,</span> <span class='ocrx_word' id='word_1_58' title='bbox 677 858 814 935; x_wconf 83' lang='lat' dir='ltr'>iuxtaque</span> <span class='ocrx_word' id='word_1_59' title='bbox 826 859 948 918; x_wconf 86' lang='lat' dir='ltr'>cinnami</span> <span class='ocrx_word' id='word_1_60' title='bbox 960 873 1084 936; x_wconf 84' lang='lat' dir='ltr'>campos</span> <span class='ocrx_word' id='word_1_61' title='bbox 1097 859 1188 919; x_wconf 73' lang='lat' dir='ltr'>nosm-</span> 
     </span>
     <span class='ocr_line' id='line_1_9' title="bbox 184 942 1188 1020; baseline -0.004 -14"><span class='ocrx_word' id='word_1_62' title='bbox 184 954 248 1020; x_wconf 88' lang='lat' dir='ltr'>tur‚</span> <span class='ocrx_word' id='word_1_63' title='bbox 273 943 326 1004; x_wconf 90' lang='lat' dir='ltr'>sed</span> <span class='ocrx_word' id='word_1_64' title='bbox 350 944 378 1002; x_wconf 90' lang='lat' dir='ltr'>iu</span> <span class='ocrx_word' id='word_1_65' title='bbox 397 943 544 1016; x_wconf 84' lang='lat' dir='ltr'>¹montibus</span> <span class='ocrx_word' id='word_1_66' title='bbox 564 942 701 1004; x_wconf 76' lang='lat' dir='ltr'><strong>crassiori</strong></span> <span class='ocrx_word' id='word_1_67' title='bbox 720 951 881 1016; x_wconf 86' lang='lat' dir='ltr'>sarmento,</span> <span class='ocrx_word' id='word_1_68' title='bbox 905 943 985 1002; x_wconf 87' lang='lat' dir='ltr'>tenui</span> <span class='ocrx_word' id='word_1_69' title='bbox 999 950 1068 1002; x_wconf 83' lang='lat' dir='ltr'>cute</span> <span class='ocrx_word' id='word_1_70' title='bbox 1092 943 1188 1003; x_wconf 83' lang='lat' dir='ltr'>verius</span> 
     </span>
     <span class='ocr_line' id='line_1_10' title="bbox 185 1025 1188 1106; baseline -0.001 -18"><span class='ocrx_word' id='word_1_71' title='bbox 185 1045 268 1106; x_wconf 89' lang='lat' dir='ltr'>qnam</span> <span class='ocrx_word' id='word_1_72' title='bbox 290 1028 420 1102; x_wconf 87' lang='lat' dir='ltr'>cortice,</span> <span class='ocrx_word' id='word_1_73' title='bbox 443 1044 528 1106; x_wconf 87' lang='lat' dir='ltr'>quem</span> <span class='ocrx_word' id='word_1_74' title='bbox 550 1036 651 1087; x_wconf 88' lang='lat' dir='ltr'>contra</span> <span class='ocrx_word' id='word_1_75' title='bbox 671 1034 759 1106; x_wconf 88' lang='lat' dir='ltr'>atqne</span> <span class='ocrx_word' id='word_1_76' title='bbox 779 1027 807 1085; x_wconf 92' lang='lat' dir='ltr'>in</span> <span class='ocrx_word' id='word_1_77' title='bbox 822 1027 952 1086; x_wconf 82' lang='lat' dir='ltr'>cinnamo</span> <span class='ocrx_word' id='word_1_78' title='bbox 973 1025 1075 1088; x_wconf 77' lang='lat' dir='ltr'>labare</span> <span class='ocrx_word' id='word_1_79' title='bbox 1094 1036 1125 1086; x_wconf 84' lang='lat' dir='ltr'>et</span> <span class='ocrx_word' id='word_1_80' title='bbox 1141 1043 1188 1087; x_wconf 84' lang='lat' dir='ltr'>cx·</span> 
     </span>
     <span class='ocr_line' id='line_1_11' title="bbox 183 1109 1212 1189; baseline -0.002 -17"><span class='ocrx_word' id='word_1_81' title='bbox 183 1111 284 1172; x_wconf 87' lang='lat' dir='ltr'>inaniri</span> <span class='ocrx_word' id='word_1_82' title='bbox 299 1111 421 1189; x_wconf 88' lang='lat' dir='ltr'>pretium</span> <span class='ocrx_word' id='word_1_83' title='bbox 437 1119 492 1170; x_wconf 89' lang='lat' dir='ltr'>est.</span> <span class='ocrx_word' id='word_1_84' title='bbox 523 1110 681 1188; x_wconf 74' lang='lat' dir='ltr'><strong>amplitudo</strong></span> <span class='ocrx_word' id='word_1_85' title='bbox 697 1110 792 1170; x_wconf 80' lang='lat' dir='ltr'>frutici</span> <span class='ocrx_word' id='word_1_86' title='bbox 807 1111 890 1170; x_wconf 83' lang='lat' dir='ltr'>trium</span> <span class='ocrx_word' id='word_1_87' title='bbox 905 1109 1079 1186; x_wconf 85' lang='lat' dir='ltr'>cubitorum,</span> <span class='ocrx_word' id='word_1_88' title='bbox 1104 1111 1212 1172; x_wconf 86' lang='lat' dir='ltr'>colnac</span> 
     </span>
    </p>

    <p class='ocr_par' dir='ltr' id='par_1_5' title="bbox 48 1193 1190 1274">
     <span class='ocr_line' id='line_1_12' title="bbox 48 1193 1190 1274; baseline 0 -20"><span class='ocrx_word' id='word_1_89' title='bbox 48 1211 51 1220; x_wconf 66' lang='lat'><strong>¹</strong></span> <span class='ocrx_word' id='word_1_90' title='bbox 184 1195 308 1274; x_wconf 77' lang='lat' dir='ltr'>triplex:</span> <span class='ocrx_word' id='word_1_91' title='bbox 338 1212 401 1255; x_wconf 90' lang='lat' dir='ltr'>cum</span> <span class='ocrx_word' id='word_1_92' title='bbox 416 1196 536 1274; x_wconf 90' lang='lat' dir='ltr'>primurn</span> <span class='ocrx_word' id='word_1_93' title='bbox 551 1196 672 1271; x_wconf 88' lang='lat' dir='ltr'>emicat,</span> <span class='ocrx_word' id='word_1_94' title='bbox 689 1193 826 1256; x_wconf 87' lang='lat' dir='ltr'>candidus</span> <span class='ocrx_word' id='word_1_95' title='bbox 844 1193 942 1273; x_wconf 86' lang='lat' dir='ltr'>pedali</span> <span class='ocrx_word' id='word_1_96' title='bbox 957 1211 1107 1270; x_wconf 86' lang='lat' dir='ltr'>mensura,</span> <span class='ocrx_word' id='word_1_97' title='bbox 1125 1195 1190 1255; x_wconf 87' lang='lat' dir='ltr'>dein</span> 
     </span>
    </p>

    <p class='ocr_par' dir='ltr' id='par_1_6' title="bbox 141 1278 1213 1694">
     <span class='ocr_line' id='line_1_13' title="bbox 141 1278 1189 1358; baseline -0.004 -14"><span class='ocrx_word' id='word_1_98' title='bbox 141 1288 177 1344; x_wconf 84' lang='lat'>96</span> <span class='ocrx_word' id='word_1_99' title='bbox 188 1279 310 1340; x_wconf 74' lang='lat' dir='ltr'>rufescit</span> <span class='ocrx_word' id='word_1_100' title='bbox 320 1279 418 1342; x_wconf 87' lang='lat' dir='ltr'>addito</span> <span class='ocrx_word' id='word_1_101' title='bbox 430 1279 597 1358; x_wconf 76' lang='lat' dir='ltr'>semipede,</span> <span class='ocrx_word' id='word_1_102' title='bbox 613 1278 688 1340; x_wconf 89' lang='lat' dir='ltr'>ultm</span> <span class='ocrx_word' id='word_1_103' title='bbox 701 1279 858 1356; x_wconf 78' lang='lat' dir='ltr'>nigricans.</span> <span class='ocrx_word' id='word_1_104' title='bbox 887 1279 961 1339; x_wconf 84' lang='lat' dir='ltr'>lmen</span> <span class='ocrx_word' id='word_1_105' title='bbox 974 1295 1041 1358; x_wconf 84' lang='lat' dir='ltr'>pers</span> <span class='ocrx_word' id='word_1_106' title='bbox 1053 1297 1189 1340; x_wconf 76' lang='lat' dir='ltr'>mamam</span> 
     </span>
     <span class='ocr_line' id='line_1_14' title="bbox 183 1361 1189 1442; baseline -0.003 -16"><span class='ocrx_word' id='word_1_107' title='bbox 183 1363 316 1426; x_wconf 88' lang='lat' dir='ltr'>laudatur</span> <span class='ocrx_word' id='word_1_108' title='bbox 336 1381 372 1424; x_wconf 88' lang='lat' dir='ltr'>ac</span> <span class='ocrx_word' id='word_1_109' title='bbox 395 1364 499 1426; x_wconf 86' lang='lat' dir='ltr'>deinde</span> <span class='ocrx_word' id='word_1_110' title='bbox 526 1381 682 1442; x_wconf 79' lang='lat' dir='ltr'>proxuma,</span> <span class='ocrx_word' id='word_1_111' title='bbox 700 1361 849 1424; x_wconf 77' lang='lat' dir='ltr'>damnetur</span> <span class='ocrx_word' id='word_1_112' title='bbox 868 1379 941 1423; x_wconf 79' lang='lat' dir='ltr'>sero</span> <span class='ocrx_word' id='word_1_113' title='bbox 957 1361 1090 1425; x_wconf 87' lang='lat' dir='ltr'>candida.</span> <span class='ocrx_word' id='word_1_114' title='bbox 1122 1381 1189 1424; x_wconf 90' lang='lat' dir='ltr'>con·</span> 
     </span>
     <span class='ocr_line' id='line_1_15' title="bbox 185 1447 1190 1526; baseline -0.002 -18"><span class='ocrx_word' id='word_1_115' title='bbox 185 1457 285 1510; x_wconf 88' lang='lat' dir='ltr'>secant</span> <span class='ocrx_word' id='word_1_116' title='bbox 299 1448 434 1510; x_wconf 87' lang='lat' dir='ltr'>surculos</span> <span class='ocrx_word' id='word_1_117' title='bbox 448 1447 627 1525; x_wconf 76' lang='lat' dir='ltr'>longitudine</span> <span class='ocrx_word' id='word_1_118' title='bbox 643 1447 738 1507; x_wconf 87' lang='lat' dir='ltr'>binum</span> <span class='ocrx_word' id='word_1_119' title='bbox 752 1448 924 1524; x_wconf 77' lang='lat' dir='ltr'>digitorum,</span> <span class='ocrx_word' id='word_1_120' title='bbox 944 1463 1013 1508; x_wconf 83' lang='lat' dir='ltr'>mox</span> <span class='ocrx_word' id='word_1_121' title='bbox 1028 1457 1190 1526; x_wconf 72' lang='lat' dir='ltr'>praesuunt</span> 
     </span>
     <span class='ocr_line' id='line_1_16' title="bbox 185 1531 1213 1612; baseline -0.002 -20"><span class='ocrx_word' id='word_1_122' title='bbox 185 1531 354 1593; x_wconf 83' lang='lat' dir='ltr'>recentibus</span> <span class='ocrx_word' id='word_1_123' title='bbox 370 1533 459 1594; x_wconf 88' lang='lat' dir='ltr'>coriis</span> <span class='ocrx_word' id='word_1_124' title='bbox 482 1531 688 1610; x_wconf 76' lang='lat' dir='ltr'>quadripedum</span> <span class='ocrx_word' id='word_1_125' title='bbox 709 1531 747 1590; x_wconf 87' lang='lat' dir='ltr'>ob</span> <span class='ocrx_word' id='word_1_126' title='bbox 770 1533 799 1592; x_wconf 92' lang='lat' dir='ltr'>id</span> <span class='ocrx_word' id='word_1_127' title='bbox 813 1533 1064 1611; x_wconf 83' lang='lat' dir='ltr'>interemptarum,</span> <span class='ocrx_word' id='word_1_128' title='bbox 1089 1541 1123 1593; x_wconf 84' lang='lat' dir='ltr'>ut</span> <span class='ocrx_word' id='word_1_129' title='bbox 1138 1547 1213 1612; x_wconf 64' lang='lat' dir='ltr'>punc</span> 
     </span>
     <span class='ocr_line' id='line_1_17' title="bbox 185 1613 1189 1694; baseline 0.002 -20"><span class='ocrx_word' id='word_1_130' title='bbox 185 1615 378 1676; x_wconf 81' lang='lat' dir='ltr'>trementibus</span> <span class='ocrx_word' id='word_1_131' title='bbox 401 1616 550 1676; x_wconf 75' lang='lat' dir='ltr'>vermiculi</span> <span class='ocrx_word' id='word_1_132' title='bbox 572 1616 678 1694; x_wconf 76' lang='lat' dir='ltr'>lignum</span> <span class='ocrx_word' id='word_1_133' title='bbox 696 1613 817 1676; x_wconf 87' lang='lat' dir='ltr'>erodant</span> <span class='ocrx_word' id='word_1_134' title='bbox 838 1625 869 1676; x_wconf 92' lang='lat' dir='ltr'>et</span> <span class='ocrx_word' id='word_1_135' title='bbox 889 1626 1033 1677; x_wconf 81' lang='lat' dir='ltr'>excavent</span> <span class='ocrx_word' id='word_1_136' title='bbox 1048 1617 1189 1678; x_wconf 85' lang='lat' dir='ltr'>corticem</span> 
     </span>
    </p>

    <p class='ocr_par' dir='ltr' id='par_1_7' title="bbox 141 1699 1214 2348">
     <span class='ocr_line' id='line_1_18' title="bbox 141 1699 1188 1780; baseline 0.001 -20"><span class='ocrx_word' id='word_1_137' title='bbox 141 1705 174 1760; x_wconf 76' lang='lat' dir='ltr'>st</span> <span class='ocrx_word' id='word_1_138' title='bbox 188 1705 277 1758; x_wconf 90' lang='lat' dir='ltr'>tutum</span> <span class='ocrx_word' id='word_1_139' title='bbox 286 1699 481 1760; x_wconf 87' lang='lat' dir='ltr'>amaritudine.</span> <span class='ocrx_word' id='word_1_140' title='bbox 510 1699 648 1778; x_wconf 86' lang='lat' dir='ltr'>probatur</span> <span class='ocrx_word' id='word_1_141' title='bbox 658 1717 764 1760; x_wconf 85' lang='lat' dir='ltr'>recens</span> <span class='ocrx_word' id='word_1_142' title='bbox 776 1718 919 1779; x_wconf 76' lang='lat' dir='ltr'>maxume,</span> <span class='ocrx_word' id='word_1_143' title='bbox 935 1709 1051 1780; x_wconf 82' lang='lat' dir='ltr'>atquae</span> <span class='ocrx_word' id='word_1_144' title='bbox 1067 1703 1107 1760; x_wconf 91' lang='lat' dir='ltr'>sit</span> <span class='ocrx_word' id='word_1_145' title='bbox 1119 1701 1188 1763; x_wconf 81' lang='lat' dir='ltr'>odo</span> 
     </span>
     <span class='ocr_line' id='line_1_19' title="bbox 184 1781 1188 1866; baseline 0.006 -26"><span class='ocrx_word' id='word_1_146' title='bbox 184 1781 223 1840; x_wconf 89' lang='lat' dir='ltr'>ris</span> <span class='ocrx_word' id='word_1_147' title='bbox 238 1781 400 1842; x_wconf 87' lang='lat' dir='ltr'>mollissimi</span> <span class='ocrx_word' id='word_1_148' title='bbox 423 1791 567 1861; x_wconf 71' lang='lat' dir='ltr'>gustuque</span> <span class='ocrx_word' id='word_1_149' title='bbox 590 1800 673 1861; x_wconf 89' lang='lat' dir='ltr'>quam</span> <span class='ocrx_word' id='word_1_150' title='bbox 695 1801 828 1845; x_wconf 78' lang='lat' dir='ltr'>maxume</span> <span class='ocrx_word' id='word_1_151' title='bbox 852 1784 971 1844; x_wconf 76' lang='lat' dir='ltr'>fervens</span> <span class='ocrx_word' id='word_1_152' title='bbox 988 1785 1086 1862; x_wconf 89' lang='lat' dir='ltr'>potius</span> <span class='ocrx_word' id='word_1_153' title='bbox 1104 1801 1188 1866; x_wconf 63' lang='lat' dir='ltr'>mam</span> 
     </span>
     <span class='ocr_line' id='line_1_20' title="bbox 185 1864 1185 1950; baseline 0.008 -28"><span class='ocrx_word' id='word_1_154' title='bbox 185 1864 264 1924; x_wconf 88' lang='lat' dir='ltr'>leuto</span> <span class='ocrx_word' id='word_1_155' title='bbox 277 1873 381 1942; x_wconf 85' lang='lat' dir='ltr'>tepore</span> <span class='ocrx_word' id='word_1_156' title='bbox 397 1865 502 1925; x_wconf 89' lang='lat' dir='ltr'>leniter</span> <span class='ocrx_word' id='word_1_157' title='bbox 518 1867 665 1942; x_wconf 83' lang='lat' dir='ltr'>mordens,</span> <span class='ocrx_word' id='word_1_158' title='bbox 681 1869 784 1928; x_wconf 89' lang='lat' dir='ltr'>colors</span> <span class='ocrx_word' id='word_1_159' title='bbox 797 1884 1109 1948; x_wconf 81' lang='lat' dir='ltr'>purpurae‚.quaeque</span> <span class='ocrx_word' id='word_1_160' title='bbox 1126 1870 1185 1950; x_wconf 89' lang='lat' dir='ltr'>plu·</span> 
     </span>
     <span class='ocr_line' id='line_1_21' title="bbox 184 1949 1214 2028; baseline 0.005 -20"><span class='ocrx_word' id='word_1_161' title='bbox 184 1963 263 2008; x_wconf 88' lang='lat' dir='ltr'>ruma</span> <span class='ocrx_word' id='word_1_162' title='bbox 276 1949 427 2008; x_wconf 87' lang='lat' dir='ltr'>minumum</span> <span class='ocrx_word' id='word_1_163' title='bbox 442 1949 579 2028; x_wconf 88' lang='lat' dir='ltr'>ponderis</span> <span class='ocrx_word' id='word_1_164' title='bbox 593 1950 698 2027; x_wconf 85' lang='lat' dir='ltr'>iaciat,</span> <span class='ocrx_word' id='word_1_165' title='bbox 714 1953 795 2013; x_wconf 84' lang='lat' dir='ltr'>brevi</span> <span class='ocrx_word' id='word_1_166' title='bbox 808 1955 965 2014; x_wconf 83' lang='lat' dir='ltr'>tunicarum</span> <span class='ocrx_word' id='word_1_167' title='bbox 977 1954 1072 2014; x_wconf 87' lang='lat' dir='ltr'>listula</span> <span class='ocrx_word' id='word_1_168' title='bbox 1087 1964 1121 2014; x_wconf 90' lang='lat' dir='ltr'>et</span> <span class='ocrx_word' id='word_1_169' title='bbox 1133 1969 1214 2014; x_wconf 80' lang='lat' dir='ltr'>noua</span> 
     </span>
     <span class='ocr_line' id='line_1_22' title="bbox 184 2031 1187 2110; baseline 0.009 -19"><span class='ocrx_word' id='word_1_170' title='bbox 184 2031 291 2110; x_wconf 75' lang='lat' dir='ltr'>fragili,</span> <span class='ocrx_word' id='word_1_171' title='bbox 321 2031 414 2094; x_wconf 89' lang='lat' dir='ltr'>ladam</span> <span class='ocrx_word' id='word_1_172' title='bbox 429 2043 535 2096; x_wconf 86' lang='lat' dir='ltr'>vocant</span> <span class='ocrx_word' id='word_1_173' title='bbox 551 2033 638 2096; x_wconf 89' lang='lat' dir='ltr'>talem</span> <span class='ocrx_word' id='word_1_174' title='bbox 654 2034 777 2097; x_wconf 82' lang='lat' dir='ltr'>barbaro</span> <span class='ocrx_word' id='word_1_175' title='bbox 799 2039 930 2098; x_wconf 45' lang='lat' dir='ltr'>nomines</span> <span class='ocrx_word' id='word_1_176' title='bbox 952 2038 1071 2098; x_wconf 84' lang='lat' dir='ltr'>aliaest</span> <span class='ocrx_word' id='word_1_177' title='bbox 1093 2039 1187 2100; x_wconf 86' lang='lat' dir='ltr'>balsa-</span> 
     </span>
     <span class='ocr_line' id='line_1_23' title="bbox 184 2115 1188 2200; baseline 0.007 -24"><span class='ocrx_word' id='word_1_178' title='bbox 184 2115 286 2178; x_wconf 90' lang='lat' dir='ltr'>modes</span> <span class='ocrx_word' id='word_1_179' title='bbox 301 2115 444 2178; x_wconf 82' lang='lat' dir='ltr'>uhodone</span> <span class='ocrx_word' id='word_1_180' title='bbox 463 2119 548 2181; x_wconf 85' lang='lat' dir='ltr'>simili</span> <span class='ocrx_word' id='word_1_181' title='bbox 566 2119 730 2199; x_wconf 87' lang='lat' dir='ltr'>appellata,</span> <span class='ocrx_word' id='word_1_182' title='bbox 749 2122 802 2181; x_wconf 87' lang='lat' dir='ltr'>sed</span> <span class='ocrx_word' id='word_1_183' title='bbox 816 2139 929 2198; x_wconf 84' lang='lat' dir='ltr'>amara,</span> <span class='ocrx_word' id='word_1_184' title='bbox 948 2123 1074 2200; x_wconf 89' lang='lat' dir='ltr'>ideoque</span> <span class='ocrx_word' id='word_1_185' title='bbox 1089 2125 1188 2184; x_wconf 89' lang='lat' dir='ltr'>utilior</span> 
     </span>
     <span class='ocr_line' id='line_1_24' title="bbox 183 2201 1187 2288; baseline 0.007 -26"><span class='ocrx_word' id='word_1_186' title='bbox 183 2201 319 2276; x_wconf 86' lang='lat' dir='ltr'>medicis,</span> <span class='ocrx_word' id='word_1_187' title='bbox 337 2203 411 2262; x_wconf 89' lang='lat' dir='ltr'>sicut</span> <span class='ocrx_word' id='word_1_188' title='bbox 426 2203 507 2280; x_wconf 82' lang='lat' dir='ltr'>nigra</span> <span class='ocrx_word' id='word_1_189' title='bbox 518 2205 682 2281; x_wconf 74' lang='lat' dir='ltr'>ungnentis.</span> <span class='ocrx_word' id='word_1_190' title='bbox 710 2207 803 2284; x_wconf 88' lang='lat' dir='ltr'>pretia</span> <span class='ocrx_word' id='word_1_191' title='bbox 815 2203 885 2266; x_wconf 88' lang='lat' dir='ltr'>nulli</span> <span class='ocrx_word' id='word_1_192' title='bbox 901 2206 1072 2268; x_wconf 81' lang='lat' dir='ltr'>diversiora.</span> <span class='ocrx_word' id='word_1_193' title='bbox 1104 2217 1187 2288; x_wconf 87' lang='lat' dir='ltr'>optu-</span> 
     </span>
     <span class='ocr_line' id='line_1_25' title="bbox 185 2285 702 2348; baseline 0.004 -2"><span class='ocrx_word' id='word_1_194' title='bbox 185 2303 248 2346; x_wconf 88' lang='lat' dir='ltr'>mae</span> <span class='ocrx_word' id='word_1_195' title='bbox 264 2286 292 2344; x_wconf 91' lang='lat' dir='ltr'>in</span> <span class='ocrx_word' id='word_1_196' title='bbox 308 2285 397 2348; x_wconf 88' lang='lat' dir='ltr'>libras</span> <span class='ocrx_word' id='word_1_197' title='bbox 412 2285 440 2348; x_wconf 89' lang='lat' dir='ltr'><em>X</em></span> <span class='ocrx_word' id='word_1_198' title='bbox 455 2301 486 2348; x_wconf 77' lang='lat' dir='ltr'>n.</span> <span class='ocrx_word' id='word_1_199' title='bbox 504 2289 613 2348; x_wconf 88' lang='lat' dir='ltr'>ceteris</span> <span class='ocrx_word' id='word_1_200' title='bbox 628 2286 655 2348; x_wconf 85' lang='lat' dir='ltr'>X</span> <span class='ocrx_word' id='word_1_201' title='bbox 670 2301 702 2348; x_wconf 88' lang='lat' dir='ltr'>v.</span> 
     </span>
    </p>

    <p class='ocr_par' dir='ltr' id='par_1_8' title="bbox 141 2367 1215 2869">
     <span class='ocr_line' id='line_1_26' title="bbox 141 2367 1214 2453; baseline 0.006 -21"><span class='ocrx_word' id='word_1_202' title='bbox 141 2377 177 2432; x_wconf 87' lang='grc'>98</span> <span class='ocrx_word' id='word_1_203' title='bbox 238 2367 288 2430; x_wconf 81' lang='lat'>20.</span> <span class='ocrx_word' id='word_1_204' title='bbox 310 2369 361 2430; x_wconf 89' lang='lat' dir='ltr'>llis</span> <span class='ocrx_word' id='word_1_205' title='bbox 377 2370 516 2432; x_wconf 80' lang='lat' dir='ltr'>addidere</span> <span class='ocrx_word' id='word_1_206' title='bbox 532 2388 689 2448; x_wconf 75' lang='lat' dir='ltr'>mangones</span> <span class='ocrx_word' id='word_1_207' title='bbox 705 2391 789 2452; x_wconf 85' lang='lat' dir='ltr'>qnam</span> <span class='ocrx_word' id='word_1_208' title='bbox 805 2373 966 2453; x_wconf 86' lang='lat' dir='ltr'>Daphnidis</span> <span class='ocrx_word' id='word_1_209' title='bbox 989 2384 1114 2452; x_wconf 85' lang='lat' dir='ltr'>vocant,</span> <span class='ocrx_word' id='word_1_210' title='bbox 1139 2393 1214 2438; x_wconf 80' lang='lat' dir='ltr'>cos</span> 
     </span>
     <span class='ocr_line' id='line_1_27' title="bbox 184 2454 1186 2536; baseline 0.011 -26"><span class='ocrx_word' id='word_1_211' title='bbox 184 2454 376 2528; x_wconf 78' lang='lat' dir='ltr'>quominatam</span> <span class='ocrx_word' id='word_1_212' title='bbox 387 2455 595 2530; x_wconf 84' lang='lat' dir='ltr'>isocinnamou‚</span> <span class='ocrx_word' id='word_1_213' title='bbox 610 2458 792 2536; x_wconf 83' lang='lat' dir='ltr'>pretiumque</span> <span class='ocrx_word' id='word_1_214' title='bbox 803 2459 832 2518; x_wconf 86' lang='lat' dir='ltr'>ci</span> <span class='ocrx_word' id='word_1_215' title='bbox 846 2457 995 2519; x_wconf 87' lang='lat' dir='ltr'>iaciuntll</span> <span class='ocrx_word' id='word_1_216' title='bbox 1011 2471 1085 2520; x_wconf 80' lang='lat' dir='ltr'>occ.</span> <span class='ocrx_word' id='word_1_217' title='bbox 1107 2461 1186 2522; x_wconf 90' lang='lat' dir='ltr'>adul·</span> 
     </span>
     <span class='ocr_line' id='line_1_28' title="bbox 185 2541 1187 2618; baseline 0.013 -26"><span class='ocrx_word' id='word_1_218' title='bbox 185 2543 294 2594; x_wconf 88' lang='lat' dir='ltr'>teratur</span> <span class='ocrx_word' id='word_1_219' title='bbox 315 2543 431 2610; x_wconf 78' lang='lat' dir='ltr'>styrace</span> <span class='ocrx_word' id='word_1_220' title='bbox 448 2545 478 2596; x_wconf 83' lang='lat' dir='ltr'>et</span> <span class='ocrx_word' id='word_1_221' title='bbox 498 2549 619 2618; x_wconf 85' lang='lat' dir='ltr'>propter</span> <span class='ocrx_word' id='word_1_222' title='bbox 637 2541 848 2612; x_wconf 83' lang='lat' dir='ltr'>similitudinem</span> <span class='ocrx_word' id='word_1_223' title='bbox 869 2543 1007 2604; x_wconf 82' lang='lat' dir='ltr'>corticum</span> <span class='ocrx_word' id='word_1_224' title='bbox 1029 2545 1133 2605; x_wconf 86' lang='lat' dir='ltr'>laurus</span> <span class='ocrx_word' id='word_1_225' title='bbox 1147 2555 1187 2605; x_wconf 88' lang='lat' dir='ltr'>te·</span> 
     </span>
     <span class='ocr_line' id='line_1_29' title="bbox 183 2617 1188 2709; baseline 0.015 -34"><span class='ocrx_word' id='word_1_226' title='bbox 183 2617 326 2678; x_wconf 90' lang='lat' dir='ltr'>unissimis</span> <span class='ocrx_word' id='word_1_227' title='bbox 339 2620 471 2682; x_wconf 87' lang='lat' dir='ltr'>surculis.</span> <span class='ocrx_word' id='word_1_228' title='bbox 491 2624 559 2701; x_wconf 88' lang='lat' dir='ltr'>quin</span> <span class='ocrx_word' id='word_1_229' title='bbox 576 2632 606 2682; x_wconf 85' lang='lat' dir='ltr'>ct</span> <span class='ocrx_word' id='word_1_230' title='bbox 618 2624 646 2683; x_wconf 91' lang='lat' dir='ltr'>in</span> <span class='ocrx_word' id='word_1_231' title='bbox 658 2634 758 2685; x_wconf 90' lang='lat' dir='ltr'>nostro</span> <span class='ocrx_word' id='word_1_232' title='bbox 772 2627 845 2686; x_wconf 86' lang='lat' dir='ltr'>orlre</span> <span class='ocrx_word' id='word_1_233' title='bbox 861 2629 977 2703; x_wconf 87' lang='lat' dir='ltr'>seritur,</span> <span class='ocrx_word' id='word_1_234' title='bbox 994 2636 1188 2709; x_wconf 84' lang='lat' dir='ltr'>extremoque</span> 
     </span>
     <span class='ocr_line' id='line_1_30' title="bbox 184 2701 1187 2794; baseline 0.018 -36"><span class='ocrx_word' id='word_1_235' title='bbox 184 2701 214 2760; x_wconf 89' lang='lat' dir='ltr'>iu</span> <span class='ocrx_word' id='word_1_236' title='bbox 228 2702 355 2778; x_wconf 81' lang='lat' dir='ltr'>margins</span> <span class='ocrx_word' id='word_1_237' title='bbox 370 2705 487 2783; x_wconf 84' lang='lat' dir='ltr'>imperi,</span> <span class='ocrx_word' id='word_1_238' title='bbox 504 2724 560 2787; x_wconf 94' lang='lat' dir='ltr'>qua</span> <span class='ocrx_word' id='word_1_239' title='bbox 576 2706 693 2769; x_wconf 81' lang='lat' dir='ltr'>Rhenus</span> <span class='ocrx_word' id='word_1_240' title='bbox 709 2709 813 2786; x_wconf 84' lang='lat' dir='ltr'>adluit,</span> <span class='ocrx_word' id='word_1_241' title='bbox 829 2712 943 2772; x_wconf 74' lang='lat' dir='ltr'>vinitio</span> <span class='ocrx_word' id='word_1_242' title='bbox 957 2713 1077 2773; x_wconf 84' lang='lat' dir='ltr'>alvariis</span> <span class='ocrx_word' id='word_1_243' title='bbox 1091 2715 1187 2794; x_wconf 85' lang='lat' dir='ltr'>apium</span> 
     </span>
     <span class='ocr_line' id='line_1_31' title="bbox 185 2785 1215 2869; baseline 0.016 -25"><span class='ocrx_word' id='word_1_244' title='bbox 185 2793 255 2846; x_wconf 88' lang='lat' dir='ltr'>sata.</span> <span class='ocrx_word' id='word_1_245' title='bbox 279 2785 362 2846; x_wconf 89' lang='lat' dir='ltr'>color</span> <span class='ocrx_word' id='word_1_246' title='bbox 377 2787 461 2850; x_wconf 84' lang='lat' dir='ltr'>abest</span> <span class='ocrx_word' id='word_1_247' title='bbox 475 2791 526 2850; x_wconf 88' lang='lat' dir='ltr'>illc</span> <span class='ocrx_word' id='word_1_248' title='bbox 541 2793 669 2853; x_wconf 89' lang='lat' dir='ltr'>torridus</span> <span class='ocrx_word' id='word_1_249' title='bbox 680 2793 760 2869; x_wconf 79' lang='lat' dir='ltr'>sole,</span> <span class='ocrx_word' id='word_1_250' title='bbox 778 2803 808 2854; x_wconf 88' lang='lat' dir='ltr'>et</span> <span class='ocrx_word' id='word_1_251' title='bbox 822 2796 862 2855; x_wconf 88' lang='lat' dir='ltr'>ob</span> <span class='ocrx_word' id='word_1_252' title='bbox 876 2795 905 2856; x_wconf 94' lang='lat' dir='ltr'>id</span> <span class='ocrx_word' id='word_1_253' title='bbox 918 2796 1000 2856; x_wconf 85' lang='lat' dir='ltr'>simul</span> <span class='ocrx_word' id='word_1_254' title='bbox 1011 2797 1089 2858; x_wconf 84' lang='lat' dir='ltr'>idem</span> <span class='ocrx_word' id='word_1_255' title='bbox 1101 2800 1215 2861; x_wconf 79' lang='lat' dir='ltr'>odona</span> 
     </span>
    </p>

    <p class='ocr_par' dir='ltr' id='par_1_9' title="bbox 249 2865 1188 2957">
     <span class='ocr_line' id='line_1_32' title="bbox 249 2865 1188 2957; baseline 0.014 -28"><span class='ocrx_word' id='word_1_256' title='bbox 249 2869 333 2947; x_wconf 88' lang='grc'>(44.)</span> <span class='ocrx_word' id='word_1_257' title='bbox 344 2865 388 2930; x_wconf 82' lang='lat' dir='ltr'>Er</span> <span class='ocrx_word' id='word_1_258' title='bbox 401 2874 524 2934; x_wconf 82' lang='lat' dir='ltr'>confinio</span> <span class='ocrx_word' id='word_1_259' title='bbox 535 2877 632 2936; x_wconf 87' lang='lat' dir='ltr'>casiae</span> <span class='ocrx_word' id='word_1_260' title='bbox 644 2877 823 2957; x_wconf 81' lang='lat' dir='ltr'>cinnamique</span> <span class='ocrx_word' id='word_1_261' title='bbox 831 2889 1039 2942; x_wconf 87' lang='lat' dir='ltr'>et·oancamum</span> <span class='ocrx_word' id='word_1_262' title='bbox 1048 2899 1086 2942; x_wconf 90' lang='lat' dir='ltr'>ac</span> <span class='ocrx_word' id='word_1_263' title='bbox 1096 2892 1188 2944; x_wconf 81' lang='lat' dir='ltr'>tarum</span> 
     </span>
    </p>
   </div>
   <div class='ocr_carea' id='block_1_3' title="bbox 140 2953 1215 3381">
    <p class='ocr_par' dir='ltr' id='par_1_10' title="bbox 140 2953 1215 3381">
     <span class='ocr_line' id='line_1_33' title="bbox 184 2953 1189 3099; baseline 0.018 -88"><span class='ocrx_word' id='word_1_264' title='bbox 184 2953 342 3099; x_wconf 47' lang='lat' dir='ltr'>qualitur,</span> <span class='ocrx_word' id='word_1_265' title='bbox 358 2955 413 3015; x_wconf 82' lang='lat' dir='ltr'>sed</span> <span class='ocrx_word' id='word_1_266' title='bbox 430 2975 483 3034; x_wconf 87' lang='lat' dir='ltr'>per</span> <span class='ocrx_word' id='word_1_267' title='bbox 500 2957 667 3022; x_wconf 86' lang='lat' dir='ltr'>Nabataeos</span> <span class='ocrx_word' id='word_1_268' title='bbox 685 2961 870 3038; x_wconf 74' lang='lat' dir='ltr'>Trogodytas</span> <span class='ocrx_word' id='word_1_269' title='bbox 893 2965 941 3044; x_wconf 92' lang='lat' dir='ltr'>qui</span> <span class='ocrx_word' id='word_1_270' title='bbox 965 2967 1137 3028; x_wconf 82' lang='lat' dir='ltr'>consedere</span> <span class='ocrx_word' id='word_1_271' title='bbox 1154 2985 1189 3029; x_wconf 87' lang='lat' dir='ltr'>er</span> 
     </span>
     <span class='ocr_line' id='line_1_34' title="bbox 140 3037 1187 3216; baseline 0.011 -32"><span class='ocrx_word' id='word_1_272' title='bbox 140 3129 176 3184; x_wconf 90' lang='grc'>99</span> <span class='ocrx_word' id='word_1_273' title='bbox 211 3037 395 3201; x_wconf 37' lang='grc' dir='ltr'>ώὲἷῗθὲέὅ.)</span> <span class='ocrx_word' id='word_1_274' title='bbox 417 3121 461 3184; x_wconf 77' lang='lat' dir='ltr'>llo</span> <span class='ocrx_word' id='word_1_275' title='bbox 474 3138 661 3207; x_wconf 84' lang='lat' dir='ltr'>comportatur</span> <span class='ocrx_word' id='word_1_276' title='bbox 673 3139 701 3189; x_wconf 88' lang='lat' dir='ltr'>st</span> <span class='ocrx_word' id='word_1_277' title='bbox 713 3131 888 3192; x_wconf 78' lang='lat' dir='ltr'>serichatum</span> <span class='ocrx_word' id='word_1_278' title='bbox 897 3142 928 3193; x_wconf 84' lang='lat' dir='ltr'>ct</span> <span class='ocrx_word' id='word_1_279' title='bbox 940 3133 1097 3212; x_wconf 78' lang='lat' dir='ltr'>gabalium,</span> <span class='ocrx_word' id='word_1_280' title='bbox 1113 3141 1187 3216; x_wconf 83' lang='lat' dir='ltr'>quas</span> 
     </span>
     <span class='ocr_line' id='line_1_35' title="bbox 183 3205 1215 3281; baseline 0.015 -17"><span class='ocrx_word' id='word_1_281' title='bbox 183 3205 256 3266; x_wconf 90' lang='lat' dir='ltr'>intra</span> <span class='ocrx_word' id='word_1_282' title='bbox 283 3227 317 3270; x_wconf 89' lang='lat' dir='ltr'>se</span> <span class='ocrx_word' id='word_1_283' title='bbox 342 3220 509 3271; x_wconf 87' lang='lat' dir='ltr'>consumunt</span> <span class='ocrx_word' id='word_1_284' title='bbox 536 3212 650 3275; x_wconf 81' lang='lat' dir='ltr'>Arabes</span> <span class='ocrx_word' id='word_1_285' title='bbox 678 3223 778 3275; x_wconf 90' lang='lat' dir='ltr'>nostro</span> <span class='ocrx_word' id='word_1_286' title='bbox 800 3214 864 3276; x_wconf 87' lang='lat' dir='ltr'>orbi</span> <span class='ocrx_word' id='word_1_287' title='bbox 890 3225 995 3278; x_wconf 89' lang='lat' dir='ltr'>tantum</span> <span class='ocrx_word' id='word_1_288' title='bbox 1022 3219 1215 3281; x_wconf 78' lang='lat' dir='ltr'>nomislbnsc</span> 
     </span>
     <span class='ocr_line' id='line_1_36' title="bbox 185 3291 1185 3381; baseline 0.015 -31"><span class='ocrx_word' id='word_1_289' title='bbox 185 3291 316 3369; x_wconf 68' lang='lat' dir='ltr'>cognita,</span> <span class='ocrx_word' id='word_1_290' title='bbox 341 3293 394 3352; x_wconf 92' lang='lat' dir='ltr'>sed</span> <span class='ocrx_word' id='word_1_291' title='bbox 415 3310 479 3354; x_wconf 90' lang='lat' dir='ltr'>cum</span> <span class='ocrx_word' id='word_1_292' title='bbox 500 3298 629 3358; x_wconf 91' lang='lat' dir='ltr'>cinnamo</span> <span class='ocrx_word' id='word_1_293' title='bbox 649 3301 785 3377; x_wconf 88' lang='lat' dir='ltr'>casiaque</span> <span class='ocrx_word' id='word_1_294' title='bbox 802 3304 959 3362; x_wconf 86' lang='lat' dir='ltr'>nascentia.</span> <span class='ocrx_word' id='word_1_295' title='bbox 990 3307 1131 3381; x_wconf 83' lang='lat' dir='ltr'>pervenit</span> <span class='ocrx_word' id='word_1_296' title='bbox 1144 3313 1185 3365; x_wconf 88' lang='lat' dir='ltr'>ta·</span> 
     </span>
    </p>
   </div>
   <div class='ocr_carea' id='block_1_4' title="bbox 184 3375 1184 3531">
    <p class='ocr_par' dir='ltr' id='par_1_11' title="bbox 184 3375 1184 3531">
     <span class='ocr_line' id='line_1_37' title="bbox 184 3375 1184 3470; baseline 0.016 -38"><span class='ocrx_word' id='word_1_297' title='bbox 184 3391 249 3433; x_wconf 89' lang='lat' dir='ltr'>men</span> <span class='ocrx_word' id='word_1_298' title='bbox 266 3375 424 3454; x_wconf 84' lang='lat' dir='ltr'>¹aliqnando</span> <span class='ocrx_word' id='word_1_299' title='bbox 439 3379 613 3441; x_wconf 84' lang='lat' dir='ltr'>scricdratum</span> <span class='ocrx_word' id='word_1_300' title='bbox 632 3392 664 3442; x_wconf 87' lang='lat' dir='ltr'>et</span> <span class='ocrx_word' id='word_1_301' title='bbox 684 3385 711 3442; x_wconf 89' lang='lat' dir='ltr'>iu</span> <span class='ocrx_word' id='word_1_302' title='bbox 726 3395 869 3460; x_wconf 79' lang='lat' dir='ltr'>unguenta</span> <span class='ocrx_word' id='word_1_303' title='bbox 886 3385 999 3448; x_wconf 88' lang='lat' dir='ltr'>additur</span> <span class='ocrx_word' id='word_1_304' title='bbox 1014 3387 1053 3447; x_wconf 79' lang='lat' dir='ltr'>ab&#39;</span> <span class='ocrx_word' id='word_1_305' title='bbox 1067 3389 1184 3470; x_wconf 90' lang='lat' dir='ltr'>aliquis.</span> 
     </span>
     <span class='ocr_line' id='line_1_38' title="bbox 184 3461 752 3531; baseline 0.005 -16"><span class='ocrx_word' id='word_1_306' title='bbox 184 3467 359 3531; x_wconf 86' lang='lat' dir='ltr'>permutatur</span> <span class='ocrx_word' id='word_1_307' title='bbox 374 3462 403 3522; x_wconf 90' lang='lat' dir='ltr'>in</span> <span class='ocrx_word' id='word_1_308' title='bbox 420 3461 507 3524; x_wconf 85' lang='lat' dir='ltr'>libras</span> <span class='ocrx_word' id='word_1_309' title='bbox 520 3462 547 3524; x_wconf 89' lang='grc' dir='ltr'>Χ</span> <span class='ocrx_word' id='word_1_310' title='bbox 562 3478 607 3524; x_wconf 85' lang='lat' dir='ltr'>vr.</span> <span class='ocrx_word' id='word_1_311' title='bbox 689 3485 692 3490; x_wconf 92' lang='lat'>·</span> <span class='ocrx_word' id='word_1_312' title='bbox 748 3511 752 3518; x_wconf 89' lang='lat'>.</span> 
     </span>
    </p>
   </div>
   <div class='ocr_carea' id='block_1_5' title="bbox 0 0 1249 3900">
    <p class='ocr_par' dir='ltr' id='par_1_12' title="bbox 0 0 1249 3900">
     <span class='ocr_line' id='line_1_39' title="bbox 0 0 1249 3900; baseline 0 0"><span class='ocrx_word' id='word_1_313' title='bbox 0 0 1249 3900; x_wconf 95' lang='lat' dir='ltr'> </span> 
     </span>
    </p>
   </div>
  </div>
 </body>
</html>
