2482 3910
338 161 418 206 nar.
433 161 524 210 ursa.
548 161 596 206 x1.
615 160 698 210 1-4.
717 149 834 226 (1-3.)
1017 148 1075 208 159

447 271 451 298 l

138 313 168 374 3.
185 313 248 392 (2.)
262 313 377 374 insecta
391 315 469 378 multi
485 325 625 393 negarunt
636 317 759 394 spirare,
776 314 864 392 idque
882 315 993 390 ratione
1010 333 1074 393 per·
1088 329 1105 380 5

71 399 242 473 suadentes,
261 399 393 475 quoniam
410 401 523 460 viscera
541 401 677 461 interiora
693 417 785 458 nexus
801 396 953 475 spirabilis
964 416 1020 458 non
1036 401 1076 460 in-

72 491 184 542 essent.
208 483 304 560 itaque
321 484 421 542 vivere
437 493 465 542 ut
480 484 579 562 fruges
595 484 786 561 arboresque,
800 481 852 540 sed
864 481 1023 559 plurumum
1036 487 1075 542 irl-
1091 509 1093 514 ·

69 577 190 626 teresse
206 566 296 643 spiret
312 567 419 646 aliquid
438 586 473 627 an
492 571 579 628 vivat.
614 569 715 628 eadem
736 567 772 628 de
788 583 874 626 causa
890 583 946 624 nec
961 570 1075 642 sangui·

48 670 140 712 suern
159 651 194 709 iis
210 653 351 728 esse,qui
367 653 403 710 sit
419 653 503 712 nullis
521 652 685 713 carentibus
697 653 786 712 corde
804 659 890 729 atque
906 651 1016 710 iecore.
1034 655 1077 712 sic

67 755 127 794 uec
141 737 255 812 spirare
273 753 306 794 ea
324 735 426 813 quibus
443 738 540 814 pulmo
557 736 640 796 desit.
670 737 745 796 unde
760 751 913 796 numerosa
930 736 1075 812 quaestio-
1160 813 1162 818 X

67 839 137 878 num
156 820 248 878 series
264 821 402 879 exoritur.
434 821 520 880 iidem
536 823 655 900 enimet
668 839 771 880 vocem
784 834 852 882 esse
868 818 913 879 his
929 827 1035 895 negant
1049 820 1106 885 ino
1148 826 1154 838 '

4 917 5 930 ¹
67 913 151 964 tanto
168 918 310 963 murmure
327 905 432 981 apium,
447 905 610 968 cicadarum
620 921 694 966 sono
706 914 735 964 et
750 905 814 966 aliis
830 921 904 982 quae
921 905 1075 983 suisaesti·
1146 905 1148 910 ’

68 987 227 1048 mabuntur
240 988 322 1048 locis.
355 1007 419 1051 naua
440 990 506 1051 mihi
530 991 678 1050 contuenti
700 1007 732 1049 se
753 989 900 1068 persuasit
916 1002 1011 1048 rernm
1027 1005 1075 1051 no·

34 1083 135 1132 notura
152 1071 220 1130 nibil
237 1071 407 1135 incredibile
424 1075 589 1139 existimare
606 1074 643 1134 de
661 1092 705 1134 ea.
732 1092 788 1134 nec
803 1073 901 1147 video,
919 1090 969 1130 cur
985 1073 1076 1148 magis

69 1158 186 1236 possint
202 1173 259 1214 uon
275 1155 390 1216 trahere
407 1159 526 1217 animam
542 1158 610 1218 talia
625 1167 654 1217 et
670 1160 769 1218 vivere
786 1175 870 1236 quarn
885 1157 998 1234 spirare
1014 1160 1076 1218 sine

68 1239 255 1316 visceribus,
277 1240 455 1318 quodetiam
471 1244 498 1300 in
514 1243 628 1302 marinis
645 1243 795 1302 docuimus
810 1241 938 1318 quamvis
956 1241 1119 1326 arcentegpffi

70 1326 210 1403 spiratum
226 1323 367 1386 densitate
391 1335 419 1384 et
440 1325 589 1385 altitudine
609 1327 728 1386 umoris.
763 1323 872 1384 Volare
891 1324 1006 1400 quidem
1028 1325 1103 1387 alt-t

71 1427 128 1487 qua
146 1417 178 1466 et
190 1408 313 1468 animatu
330 1427 431 1468 carere
447 1411 474 1469 iu
491 1412 556 1488 ipso
572 1412 673 1488 spiritu
689 1409 825 1482 viventia,
836 1407 946 1467 babere
960 1425 1075 1466 sensnm

34 1505 60 1544 tt
70 1496 177 1566 victus,
194 1493 409 1568 generationis,
425 1495 540 1572 operis,
556 1504 642 1572 atque
660 1495 744 1554 etiam
759 1493 796 1552 de
811 1492 906 1552 futuro
923 1509 1030 1565 curam,
1048 1501 1075 1550 et

71 1575 202 1654 quamvis
222 1593 278 1634 non
293 1577 351 1635 sint
364 1577 491 1636 membra
508 1596 582 1656 quae
600 1579 679 1638 velut
696 1578 793 1638 carina
809 1594 911 1636 seusus
928 1575 1073 1651 invehant,

71 1677 139 1720 esse
156 1669 251 1719 tamen
265 1661 299 1719 iis
315 1661 450 1736 auditum,
467 1661 614 1739 oliactum,
631 1671 784 1739 gustatum,
801 1661 905 1720 eximia
921 1669 1075 1737 praeterea

71 1754 190 1804 naturae
207 1744 293 1819 dona,
309 1745 480 1820 sollertiam,
494 1748 626 1823 animum,
643 1755 744 1821 artem,
763 1747 825 1824 quis
837 1745 924 1804 iacile
942 1743 1074 1804 credide-

70 1831 107 1888 rit
115 1825 129 1886 ‘l
145 1829 320 1904 Sanguinem
335 1845 392 1888 nou
407 1848 475 1890 esse
490 1831 526 1890 iis
541 1831 652 1906 fateor,
668 1831 793 1890 sicutne
810 1827 997 1889 terrestribus
1014 1847 1074 1908 qur
1087 1837 1105 1890 8

34 1928 61 1969 no
72 1913 139 1972 dem
155 1913 266 1972 cunctis
281 1913 354 1972 inter
368 1932 401 1972 se
418 1914 551 1990 similem,
568 1934 676 1976 verum.
698 1924 730 1974 ut
744 1915 864 1995 saepiae
878 1914 907 1971 in
922 1913 993 1972 mari
1011 1931 1074 1971 san·

71 1997 167 2074 guinis
182 1997 251 2054 viris
267 2005 453 2058 atramentum
471 2001 596 2076 optinet,
616 2017 806 2078 purpurarum
825 1999 927 2073 generi
950 1996 1075 2056 iniector

71 2080 121 2138 ille
143 2097 248 2154 sucus,
273 2082 316 2140 sio
333 2091 361 2140 ct
377 2083 495 2142 insectis
515 2085 644 2160 quisquis
668 2093 713 2141 est
734 2081 827 2140 vitalis
849 2097 930 2138 umor
950 2079 997 2138 bic
1021 2083 1075 2138 erit

70 2164 200 2240 sanguis.
218 2163 353 2241 denique,
370 2167 543 2224 existimatio
559 2183 597 2224 ne
613 2183 664 2224 sua
684 2167 788 2241 cuique
802 2165 849 2237 sit,
866 2161 949 2220 uobis
965 2178 1074 2239 propo-

71 2249 155 2307 situm
171 2257 216 2307 est
230 2257 346 2308 naturas
361 2267 455 2309 rerum
470 2248 636 2309 manifestas
654 2249 794 2321 indicare,
811 2263 869 2305 non
882 2261 984 2303 causas
996 2245 1073 2304 inda·

33 2344 141 2408 atgare
166 2331 276 2391 dubias.
509 2383 511 2389 .
931 2368 933 2376 ‚

133 2418 163 2476 4.
182 2415 244 2495 (3.)
263 2415 395 2491 Insecta,
418 2426 449 2476 ut
464 2417 594 2494 intellegi
612 2418 722 2494 possit,
742 2432 799 2474 non
816 2413 948 2473 uidentur
964 2412 1102 2476 haberet

70 2517 190 2574 nervon,
207 2517 262 2558 neo
278 2517 344 2560 oasa
362 2518 418 2558 neo
429 2501 529 2580 spinas
545 2519 601 2560 nec
615 2501 812 2577 cartilaginem
825 2516 880 2557 nec
892 2499 1009 2575 pinguia
1019 2515 1074 2557 neo

72 2584 187 2658 carnis,
203 2601 240 2644 ne
254 2593 380 2644 crustam
397 2585 511 2661 quidem
527 2585 670 2662 fragilem,
688 2594 718 2644 nt
730 2583 871 2664 quaedam
887 2583 1006 2656 marina,
1019 2601 1074 2642 uec

71 2685 146 2748 quae
166 2669 228 2728 iure
252 2667 363 2728 dicatur
384 2670 474 2744 cutis,
498 2669 550 2729 sed
571 2665 685 2730 mediae
710 2667 855 2728 cuiusdam
881 2667 955 2726 inter
981 2667 1074 2725 omnia

35 2749 145 2811 cohaec
162 2760 281 2812 naturae
298 2769 405 2830 corpus
420 2755 511 2813 arenti
526 2754 635 2828 simile,
654 2770 744 2812 nervo
760 2751 891 2825 mollius,
910 2751 937 2808 in
954 2751 1074 2827 reliquis

70 2835 202 2913 partibus
221 2837 306 2896 tutius
322 2855 393 2896 vere
410 2855 494 2914 quarn
510 2837 616 2896 durius.
647 2835 685 2896 Et
707 2837 764 2896 hoc
780 2835 872 2900 solum
889 2836 923 2894 iia
942 2843 1001 2907 est,
1019 2850 1074 2892 nec

70 2929 227 2996 praeterea
242 2919 327 2982 aliud.
360 2920 429 2980 nibil
446 2922 520 2980 intus
540 2921 594 2979 nisi
615 2921 766 2981 admodum
789 2921 889 2997 paucis
911 2919 1073 2977 intestinum
1101 2973 1104 2981 .

68 3003 245 3080 inplicatum.
267 3005 364 3082 itaque
377 3004 498 3066 divolsis
512 3004 668 3082 praecipua
683 3005 822 3064 vivacitas
839 3013 868 3064 et
882 3003 1003 3081 partium
1016 3001 1070 3058 sin·
1082 3011 1116 3062 ld

69 3087 202 3164 gularum
220 3087 381 3166 palpitatio,
398 3089 462 3166 quia
480 3105 677 3166 quaecumque
695 3099 740 3148 est
754 3091 827 3148 ratio
842 3086 937 3146 vitalis
952 3084 1002 3144 illa
1017 3101 1073 3142 non

35 3189 59 3230 as
69 3174 166 3232 certis·
178 3173 254 3231 inest
268 3171 415 3247 membris,
434 3173 487 3232 sed
500 3181 561 3232 toto
577 3173 605 3230 in
622 3189 759 3250 corpore,
775 3175 898 3232 rninume
912 3180 1007 3230 tamen
1026 3185 1071 3226 ca·

68 3255 317 3334 pite,s01unque
339 3274 397 3316 non
417 3264 549 3316 movetur
568 3256 623 3314 nisi
646 3274 709 3316 cum
726 3267 848 3336 pectore
868 3253 1007 3314 avolsum.
1041 3251 1073 3310 ln

68 3338 152 3398 nullo
167 3357 286 3416 ,genere
310 3340 409 3418 plures
430 3350 493 3400 sunt
514 3339 622 3419 pedes,
645 3343 799 3422 atquibus
821 3359 857 3400 err
879 3339 923 3397 bis
938 3336 1071 3414 plurumi,

69 3423 178 3484 diutins
199 3425 298 3484 vivont
320 3423 449 3500 divolsa,
471 3433 501 3484 ut
523 3425 551 3483 in
573 3425 775 3504 scolopendris
796 3423 936 3484 videmus.
968 3419 1073 3482 babent
1099 3425 1103 3441 “
