2444 3908
151 197 209 258 128
493 207 522 256 c.
539 207 634 256 entur
652 204 802 258 suenum

147 362 310 424 dificulter.
343 363 370 422 iu
387 361 477 440 petris
499 374 565 420 raro
584 360 742 421 consistunt
757 366 909 419 murmura
930 357 1147 436 unguimpro

147 447 272 508 bibente.

106 541 141 596 aa
205 530 288 609 (22.)
306 528 388 588 Nunc
397 529 433 590 de
447 526 575 588 secundo
586 543 698 604 genere
710 525 849 600 dicamus,
863 525 942 604 quod
954 527 983 586 in
994 527 1069 586 duras
1083 526 1152 587 diri·

149 616 224 676 ditur
239 617 368 693 species,
386 613 502 672 oscines
522 620 551 670 et
570 610 664 670 alites.
698 609 812 670 illarum
826 611 930 687 genem
954 619 1057 670 cantus
1082 612 1154 688 oris,

147 699 191 760 his
206 697 371 775 magnitudo
395 696 584 756 differentiam
603 694 690 754 dedit.
729 693 778 754 20.
801 695 898 770 itaque
918 694 1105 772 praecedent
1126 703 1174 757 ets

148 783 260 856 ordine,
278 782 427 857 omnisque
443 779 570 856 reliquas
586 779 613 837 in
628 777 672 838 iris
694 795 837 856 pauonum
857 795 949 854 genus
971 796 1036 838 eum
1060 779 1155 838 lorma

146 877 204 931 tum
217 865 367 926 intellectu
379 865 441 924 eius
456 873 484 924 et
499 863 603 940 gloria.
622 864 791 939 gemmantis
803 862 934 923 laudatus
950 862 1094 941 expandit
1107 881 1155 924 cc·

146 952 229 1011 iores
245 949 369 1010 adverso
382 965 513 1006 maxume
526 947 602 1022 sole,
615 947 680 1023 qula
693 948 735 1006 sic
751 946 908 1022 fulgentius
921 947 1044 1006 radiant.
1069 945 1155 1008 simul

148 1034 267 1094 umbrae
290 1031 430 1109 quosdam
454 1047 646 1109 repercussus
672 1032 789 1105 ceteris,
813 1031 904 1108 quiet
926 1032 954 1090 in
975 1047 1074 1110 opaco
1096 1031 1153 1092 cln-

148 1119 207 1176 rius
228 1117 342 1188 micant,
365 1116 505 1174 conchata
528 1116 640 1192 quaerit
663 1113 770 1188 cauda,
795 1115 945 1192 omnisque
965 1117 993 1174 in
1012 1131 1183 1182 acervorum

106 1200 291 1268 ucontrabit
306 1202 453 1280 pinnarum
469 1217 542 1277 quos
558 1199 685 1278 spectari
700 1197 807 1276 gaudet
822 1198 935 1258 oculos.
965 1199 1041 1260 idem
1060 1200 1154 1260 canda

149 1287 248 1346 annuis
271 1283 383 1344 vicibus
406 1285 510 1344 amissa
526 1301 589 1343 cum
611 1282 688 1342 loliis
705 1282 849 1357 arborum,
866 1283 960 1344 donec
979 1293 1154 1343 renascatur

149 1373 251 1430 iterum
271 1387 335 1428 cnm
348 1368 437 1445 dore,
460 1367 641 1448 pudibundus
659 1385 693 1428 ac
709 1385 841 1426 maerens
865 1369 983 1445 quaerit
997 1367 1152 1428 latebram.

148 1456 219 1514 vivit
237 1456 317 1514 annis
339 1467 419 1512 xxv.
439 1453 556 1512 colores
577 1451 698 1512 fundere
715 1451 815 1528 iueipit
836 1451 864 1508 in
880 1452 1001 1546 trimatp.
1030 1451 1067 1510 ab
1086 1469 1154 1512 anc-

149 1538 260 1600 toribus
278 1555 334 1598 non
351 1537 510 1613 gloriosum
527 1545 634 1597 tantum
647 1535 749 1596 animal
765 1535 822 1594 boe
834 1535 964 1610 traditur,
982 1534 1035 1596 sed
1049 1545 1082 1594 et
1094 1553 1151 1596 ma·
1162 1551 1185 1590 rs

150 1621 287 1695 levolum,
306 1623 380 1680 sicut
401 1638 487 1679 anser
508 1620 714 1693 verecundum,
733 1619 866 1696 quoniam
888 1619 939 1680 bas
956 1637 1075 1698 quoque
1092 1621 1154 1698 qui·

149 1703 213 1764 dam
229 1703 399 1762 addiderunt
414 1711 496 1762 notas
514 1705 542 1761 in
559 1703 614 1776 bis,
631 1703 698 1764 haut
717 1703 855 1782 probatas
869 1703 945 1762 milri.

108 1795 142 1849 45
212 1785 296 1864 (23.)
320 1785 464 1846 Pavonem
481 1786 539 1846 cibi
555 1788 647 1862 gratia
666 1787 775 1846 Romae
793 1788 900 1866 primus
921 1789 1029 1848 occidit
1051 1797 1155 1848 orator

149 1869 321 1930 Hortensius
351 1871 457 1930 aditiali
486 1887 558 1930 cena
581 1872 736 1931 sacerdoti.
771 1873 906 1948 saginare
935 1875 1042 1950 primus
1073 1873 1153 1932 insti·

150 1957 202 2014 tuit
225 1955 302 2014 circa
323 1956 508 2014 novissimum
535 1957 684 2033 piraticum
701 1955 810 2015 bellum
830 1953 867 2016 bl.
889 1955 1019 2016 Aufidius
1042 1955 1187 2033 duroman

150 2057 299 2116 exqueeo
317 2049 438 2118 quaestu
456 2041 565 2100 reditus
582 2041 745 2100 sestertium
765 2011 913 2116 sexageira
929 2040 1005 2102 milia
1020 2039 1131 2101 babuit.

107 2132 141 2188 46
197 2119 260 2182 ¹21.
282 2123 365 2203 (24.)
388 2124 531 2184 Proxuma
549 2123 671 2202 gloriam
690 2125 816 2184 sentiunt
836 2133 866 2183 et
885 2124 912 2184 bi
934 2127 1025 2184 nostri
1045 2124 1155 2201 vigiles

150 2211 296 2283 nocturni,
320 2227 393 2287 quos
411 2208 570 2270 excitandis
587 2211 615 2268 iu
636 2227 727 2288 opera
743 2207 911 2268 mortalibus
931 2209 1156 2288 rumpendoque

150 2311 250 2353 somno
268 2303 367 2353 natura
383 2295 491 2372 genuit.
515 2304 618 2352 norunt
633 2293 740 2366 sidera,
762 2302 790 2351 et
806 2301 903 2354 ternas
926 2292 1084 2371 distingunt
1101 2293 1155 2352 ba·

150 2397 196 2437 ras
218 2377 340 2437 interdiu
362 2388 455 2438 cantu.
492 2395 556 2437 cum
578 2378 642 2436 sole
666 2371 732 2436 mant
755 2376 896 2451 cubitum,
920 2387 1079 2456 quartaque
1104 2391 1190 2437 cara

150 2464 254 2520 strensi
269 2462 368 2536 vigilia
390 2463 425 2521 ad
449 2479 533 2520 curas
555 2462 743 2538 laboremque
766 2469 915 2536 revocant,
947 2479 1002 2522 nec
1016 2462 1090 2522 solis
1106 2479 1155 2519 or·

151 2551 208 2600 tum
236 2546 356 2603 incautis
383 2547 527 2622 patiuntur
547 2545 711 2622 obrepere,
737 2545 870 2622 diemque
893 2547 1055 2606 venientem
1081 2563 1155 2605 nun·

108 2631 141 2686 tt
154 2627 223 2684 tiant
241 2635 340 2700 cantu,
362 2628 454 2705 ipsum
469 2645 541 2688 vero
559 2637 671 2689 uantum
694 2629 797 2707 plausu
822 2629 951 2690 laterum.
984 2629 1156 2708 luparitant

151 2725 203 2768 sno
228 2711 346 2787 generi,
369 2720 397 2770 et
423 2730 544 2790 regnum
565 2713 592 2770 iu
608 2731 787 2792 quacumque
809 2723 873 2773 sunt
893 2714 978 2774 domo
1000 2722 1154 2774 exercent.

151 2793 334 2854 dimicatione
356 2797 464 2875 paritur
485 2797 541 2858 boc
566 2797 643 2856 inter
662 2799 755 2876 ipsos,
780 2799 860 2858 velut
881 2797 948 2858 ideo
966 2798 1024 2858 tela
1045 2806 1189 2874 agnetam

152 2877 284 2937 eruribus
301 2880 360 2938 suis
376 2881 593 2958 intellegentes,
618 2889 672 2942 ne'c
693 2882 757 2942 linis
777 2901 867 2961 saepe
895 2882 1152 2943 conmorientibus.

150 2962 266 3040 quodsi
283 2963 376 3040 palma
393 2966 542 3043 contingit,
565 2967 659 3026 statim
679 2967 707 3024 in
724 2967 847 3026 victoria
863 2976 967 3027 canunt
987 2983 1079 3044 seque
1095 2967 1154 3045 ipsi

150 3047 299 3125 principes
323 3056 472 3108 testantur.
503 3051 596 3108 victus
618 3050 779 3112 occultatur
805 3051 895 3110 silens
919 3067 1067 3130 aegreque
1090 3068 1152 3110 ser·

149 3132 248 3192 vitium
266 3133 380 3209 patitur.
414 3142 444 3191 et
459 3133 544 3211 plebs
559 3143 654 3197 tamen
668 3153 762 3214 aeque
777 3135 903 3214 superba
917 3135 1047 3212 graditur
1062 3135 1155 3196 ardua

151 3217 278 3290 cervice,
296 3216 391 3274 cristis
411 3217 502 3292 celsa,
520 3219 689 3298 caelumque
705 3220 767 3280 sola
782 3220 932 3280 volucrum
947 3220 1070 3299 adspicit
1086 3237 1153 3279 cre·
1166 3232 1193 3276 aa

150 3297 213 3373 bra,
232 3301 260 3360 in
275 3299 397 3360 sublime
412 3300 531 3360 caudam
548 3317 665 3382 quoque
680 3302 813 3364 falcatam
825 3306 952 3382 erigens,
980 3307 1077 3384 itaque
1093 3313 1153 3364 ter·

38 3451 43 3475 x
109 3384 208 3441 ibrori
226 3394 290 3444 sunt
312 3386 397 3444 etiam
413 3383 546 3444 leonibus
561 3387 687 3448 ferarum
704 3390 948 3463 generosissimis.
978 3388 1036 3448 lam
1051 3407 1090 3447 ex
1107 3387 1156 3446 bis

154 3465 265 3537 quidam
280 3468 315 3528 ad
330 3468 407 3532 bella
426 3478 533 3532 tautum
555 3481 583 3530 et
599 3470 711 3549 proelia
729 3471 847 3533 adsidua
859 3482 1023 3548 nascuntur,
1046 3470 1153 3550 quibus
