2444 3910
167 187 206 247 14
325 231 330 236 .
510 195 540 244 c.
562 195 660 242 ιιιιιι
683 193 835 244 succum

167 351 271 453 quibus
298 349 441 420 deliciunt.
485 366 544 411 nec·
565 350 630 410 cibo
653 357 759 408 tantum
782 358 811 408 et
836 347 978 408 alimentis
1001 349 1180 428 nemrii,

167 455 236 515 qmp
240 454 276 514 pe
292 437 373 494 vocis
387 437 588 514 sermonisque
599 434 729 510 regimen
741 435 883 511 primores
894 441 1011 508 tenent
1028 443 1179 496 censente

168 521 289 600 quodam
306 519 489 597 excipientes
510 521 597 578 ictum
616 519 731 594 linguae
747 518 889 594 serieque
907 525 1074 576 structurae
1091 527 1178 596 atque

166 605 358 680 magnitudine
375 603 539 663 mutilantes
555 601 760 662 mollientesve
775 611 823 660 ant
838 599 1010 662 hebetantes
1025 601 1127 662 verba
1140 612 1179 677 et,

125 699 231 752 ileum
261 689 401 761 deluere,
431 687 663 765 explanationem
691 702 803 744 omnem
824 684 997 744 adimentes.
1044 685 1127 782 Quin
1151 695 1198 746 et⁵

167 774 315 848 augurium
339 773 366 829 ιιι
380 731 435 830 liae
457 789 524 830 esse
541 771 666 830 creditur
683 777 775 848 parte.
803 770 906 828 triceni
927 767 984 827 bini
1008 770 1083 828 uiris
1101 773 1178 830 attri-

165 857 288 916 buuntur
306 862 431 932 excepta
444 853 635 914 Turdulorum
653 863 750 931 gente.
781 853 884 930 quibus
902 853 1000 931 plures
1012 852 1102 912 inere
1121 855 1179 912 len-

165 941 248 1016 giora
272 939 398 1018 promitti
420 941 497 998 ritae
520 948 620 1016 putant
640 941 743 1016 spatia.
778 938 892 996 leminis
914 937 1007 996 minor
1029 953 1178 1014 numerus,

66 1025 69 1033 ’
166 1023 270 1102 quibus
286 1026 314 1082 in
331 1024 432 1084 dextra
448 1033 532 1102 parte
547 1023 651 1099 gemini
667 1039 794 1101 superne
811 1039 827 1081 a
844 1021 961 1080 canibus
977 1024 1178 1097 cognominati

164 1109 298 1166 fortunae
319 1106 511 1167 blandimenta
528 1107 719 1185 pollicentur,
743 1109 817 1166 sicut
835 1106 862 1164 in
882 1106 1043 1203 Agrippina
1069 1104 1178 1168 Domiti
1188 1116 1206 1156 o

126 1189 288 1255 itNeronis
304 1201 405 1250 matre.
430 1202 530 1251 eontra
547 1194 574 1249 in
592 1191 684 1251 laeva
712 1190 861 1250 Hominem
877 1191 957 1268 prius
974 1208 1060 1267 quam
1078 1193 1178 1266 genito

40 1299 43 1305 ·
126 1277 142 1309 ¹¹
131 1275 281 1362 ‚q¹⁶⁰dente
298 1277 419 1335 cremari
431 1293 494 1335 mos
508 1277 634 1352 gentium
645 1292 703 1334 non
719 1284 773 1334 est.
800 1266 861 1334 Sed
876 1289 944 1354 mox
955 1273 1041 1351 plara
1050 1275 1098 1334 de
1112 1275 1177 1350 boe,

167 1377 231 1419 cum
246 1360 424 1422 membratim
436 1359 556 1420 historia
572 1361 717 1420 decurret
744 1358 857 1417 Risisse
874 1358 978 1417 codem
990 1357 1039 1417 die
1052 1377 1118 1436 quo
1129 1379 1177 1436 ge

166 1446 240 1503 nitus
257 1453 338 1502 esset
355 1461 437 1502 unum
453 1444 596 1503 bominem
611 1446 778 1522 accepimus
795 1442 981 1502 Zoroastren.
1013 1443 1116 1504 eidem
1132 1461 1177 1504 ce

164 1527 281 1587 rebrum
297 1529 335 1586 ita
351 1527 510 1605 palpitasse
526 1537 556 1587 ut
567 1529 720 1606 inpositam
736 1527 899 1603 repelleret
914 1543 1044 1601 manum,
1060 1527 1205 1588 iuturaett

165 1612 321 1755 praesagio
339 1612 489 1671 scientiae

124 1701 158 1758 73
232 1695 287 1772 (lb
280 1695 316 1772 .)
351 1693 381 1754 ln
407 1693 517 1756 trimatu
537 1689 593 1755 lsuo
621 1697 725 1773 cuique
748 1695 890 1755 dimidiam
917 1711 985 1754 esse
1009 1711 1178 1755 mensuram

166 1776 277 1838 laturae
300 1787 410 1838 certum
428 1788 481 1840 est.
516 1782 543 1837 in
565 1780 680 1856 plenum
702 1789 795 1839 autem
818 1787 921 1838 cuncto
943 1779 1110 1838 mortalium
1125 1798 1177 1856 ge·

166 1863 227 1920 neri
243 1863 382 1921 minorem
397 1864 425 1922 in
441 1865 504 1924 dies
519 1863 582 1922 lieri
598 1863 806 1942 propemodum
819 1863 1008 1938 observetur,
1030 1880 1178 1940 rarosque

165 1944 294 2023 patribus
322 1949 526 2047 proceriores
558 1957 745 2006 consumente
774 1946 933 2008 ubertatem
955 1948 1099 2006 seminum
1122 1965 1175 2006 ex·
1165 1959 1205 2000 -s

166 2031 278 2089 ustione
302 2031 329 2088 in
353 2031 432 2090 cuius
451 2032 523 2090 vicis
543 2049 618 2089 nurnc
635 2041 740 2108 uergat
763 2049 882 2096 aevom·
908 2029 939 2090 ln
963 2018 1050 2090 Greta
1074 2041 1177 2092 terrae

165 2123 241 2173 motu
258 2123 344 2192 rupto
357 2125 453 2175 monte
470 2117 615 2175 inventum
628 2123 673 2175 est
685 2133 792 2192 corpus
808 2125 886 2174 stans
899 2128 982 2174 XLVI
997 2114 1176 2192 cubitorum,

122 2199 241 2276 ltqrrod
263 2199 310 2258 alii
329 2197 444 2258 Orionis
466 2199 515 2261 alii
532 2199 577 2260 Oti
595 2201 686 2260 luisse
708 2199 890 2258 arbitrantur
928 2197 1040 2258 Orestis
1062 2217 1177 2296 corpus

165 2283 297 2343 oraculi
289 2301 366 2344 russo
387 2285 533 2346 refossum
546 2297 598 2344 vu
615 2285 777 2344 cubitorum
796 2283 885 2342 luisse
906 2284 1087 2344 monimentis
1109 2301 1177 2343 ere·

165 2367 247 2426 ditur
279 2369 333 2427 iam
355 2386 427 2428 vero
450 2377 517 2428 ante
536 2386 625 2428 annos
648 2385 741 2446 prope
762 2367 840 2426 mille
856 2375 939 2426 vates
961 2366 1011 2426 ille
1026 2366 1202 2426 Homerusa

164 2467 221 2508 non
234 2454 359 2510 cessavit
371 2455 480 2512 minora
498 2467 622 2530 corpora
638 2451 798 2510 mortalium
814 2467 897 2528 quam
908 2452 1005 2528 prisca
1019 2453 1173 2530 conqueri.

164 2529 258 2590 Naevi
278 2531 417 2593 Pollionis
434 2534 649 2612 amplitudinem
665 2535 783 2595 annales
798 2552 858 2595 non
880 2535 1008 2609 tradunt,
1032 2534 1085 2593 sed
1105 2537 1174 2612 quia

166 2615 267 2691 populi
284 2633 426 2676 concursu
442 2635 536 2695 paene
550 2619 739 2696 interemptus
758 2629 836 2678 esset
844 2619 1034 2696 prodigi
1006 2637 1072 2678 vnce
1087 2617 1172 2679 hmi-

165 2706 231 2756 tum
256 2701 491 2775 procerissimum
507 2700 649 2762 hominum
662 2711 743 2762 aetas
758 2663 856 2762 socri
872 2703 939 2762 divo
953 2701 1076 2764 Claudio
1091 2705 1173 2780 prin·

165 2782 231 2858 cipe
248 2781 409 2844 Gabbaram
430 2787 544 2844 nomine
567 2803 604 2845 en
619 2786 726 2846 Arabia
748 2789 899 2848 aduectum
915 2800 993 2848 vnn
1016 2787 1125 2870 pedam
1140 2797 1200 2846 eta

122 2863 282 2941 ietotidem
306 2869 452 2928 unciarum
474 2871 553 2930 vidit
587 2871 670 2930 luere
690 2871 744 2930 sub
767 2873 833 2931 divo
859 2870 992 2948 Augusto
1017 2860 1170 2948 semipede

164 2949 279 3025 addito
310 2968 429 3028 quorum
454 2969 578 3033 corpora
596 2956 662 3013 eius
686 2956 816 3014 miraculi
837 2957 929 3032 gratia
952 2957 981 3014 in
1003 2955 1169 3015 conditorio

163 2995 403 3096 Sallustianorum
418 3035 644 3098 adservabantur
657 3039 816 3099 hortorum
839 3033 971 3098 Posioni
967 3049 1001 3098 et
1015 3039 1168 3100 Secundil-

163 3117 209 3178 lae
226 3128 308 3178 erant
322 3121 446 3180 nomina.
470 3123 573 3182 eodem
569 3124 721 3222 praeside
735 3125 874 3182 mineruae
885 3123 971 3183 bomo
987 3122 1060 3182 duos
1074 3125 1168 3202 perles

164 3211 193 3261 et
208 3203 333 3281 palmum
349 3201 484 3282 Conopas
500 3207 614 3266 nomine
629 3208 657 3264 in
672 3207 786 3266 deliciis
806 3207 895 3266 lullae
907 3209 1006 3286 neptis
1023 3210 1085 3267 eius
1102 3209 1167 3284 tuit,
1178 3218 1198 3262 m

164 3295 192 3343 et
205 3288 306 3347 mulier
321 3287 506 3350 Andromeda
522 3289 624 3350 liberta
639 3290 729 3350 iuliae
742 3292 900 3369 Augustae.
929 3291 1051 3352 ιιιιιιιιι
1066 3291 1168 3354 ldaxu·

163 3384 236 3427 mum
252 3381 281 3430 et
299 3369 335 3431 bl.
354 3371 477 3433 'lirllium
496 3378 608 3454 equites
625 3373 771 3434 Romanos
786 3376 882 3436 binam
897 3377 1058 3436 cubitorum
1073 3377 1168 3436 fuisse

163 3461 264 3510 auctor
284 3465 328 3514 est
348 3455 386 3515 Μ.
405 3455 517 3534 Varro,
542 3469 571 3518 et
595 3460 650 3535 ipsi
673 3458 794 3518 vidimus
817 3461 845 3516 in
863 3459 1165 3521 loculisadservatas.
