2462 3900
245 220 325 270 nes.
343 217 435 266 mrsu.
448 215 524 263 xrn.
540 211 585 264 as.
604 198 946 281 (xm.5a.-xr111.1.)
1024 195 1086 260 25³
1143 150 1147 173 ¹

276 465 822 624 ‹ulutltsbuttltl

196 683 993 786 lllttllllllltlttttlu

396 850 740 924 trounxnn.
974 841 976 846 ‘

497 995 640 1006 ——---

1 1165 2 1170 ,
65 1101 66 1108 ¹
159 1116 253 1192 (sect.
274 1115 320 1196 1.)
330 1114 477 1176 Externae
494 1114 614 1176 arbores
627 1114 826 1191 indocilesque
837 1113 917 1172 nasci
929 1110 997 1172 alibi
1009 1117 1120 1188 quaml
1161 1135 1164 1143 s
1227 1168 1229 1174 ,

1 1221 2 1256 t
68 1213 83 1252 a
97 1199 144 1259 nbi
158 1215 301 1277 coepere,
313 1209 343 1260 et
354 1217 429 1279 quae
443 1201 472 1259 in
482 1199 591 1259 alienas
603 1214 660 1258 non
672 1206 823 1258 conmeant
835 1206 939 1269 terras,
953 1195 1092 1254 hactenus

1 1305 2 1326 ¹
92 1284 157 1343 fere
170 1291 249 1358 sunt,
263 1283 389 1362 licetque
401 1285 456 1344 iam
468 1284 505 1344 de
518 1281 711 1342 communibus
727 1282 823 1360 loqui,
838 1297 957 1358 quarum
970 1279 1099 1336 omnium
1157 1295 1158 1298 ¹

1 1391 2 1426 t
92 1366 249 1446 peculiaris
262 1385 368 1446 parens
379 1367 472 1430 rirleri
481 1375 582 1445 potest
591 1364 693 1426 ltalia·
706 1373 862 1426 noscentes
878 1372 984 1424 tantum
996 1362 1092 1420 memi-

92 1451 187 1512 nerint
198 1460 313 1512 naturas
328 1467 426 1512 earum
438 1467 455 1511 a
465 1451 550 1511 nobis
559 1450 670 1510 interim
681 1449 738 1510 dici
748 1493 757 1524 ‚
768 1466 825 1510 uon
837 1447 981 1522 culturas,
996 1463 1093 1524 quam·

1 1573 2 1590 2
94 1553 178 1615 quam
191 1544 220 1595 et
232 1536 347 1596 colendi
359 1553 490 1596 maxuma
503 1537 531 1594 in
539 1543 639 1595 natura
653 1534 747 1612 portic
759 1542 813 1593 est.
834 1532 908 1593 lllud
921 1531 990 1592 satis
999 1530 1121 1592 mirari-2

1 1655 2 1678 ³
55 1633 84 1675 uo
96 1635 154 1680 non
166 1636 258 1696 queo,
274 1621 408 1679 interisse
426 1619 600 1698 quarundam
613 1619 777 1678 memoriam
795 1626 880 1696 atque
899 1619 984 1676 etiam
1004 1615 1092 1676 nomi·

94 1720 160 1764 num
173 1719 247 1781 quae
259 1713 395 1763 auctores
410 1703 567 1782 prodidere
580 1704 717 1764 notitiam.
739 1702 803 1781 quia
817 1703 891 1765 enim
904 1717 1092 1760 noncommu·

1 1815 2 1844 t
94 1788 189 1862 nicato
202 1786 275 1856 oebc
287 1797 426 1849 terrarum
437 1785 586 1850 maiestate
594 1787 713 1849 Romani
721 1786 822 1865 imperi
831 1785 994 1865 profecisse
1006 1787 1093 1844 vitam

1 1899 2 1934 t
93 1879 176 1950 putet
194 1874 368 1932 commercio
388 1891 484 1933 rerum
505 1891 539 1932 ao
554 1873 693 1932 societate
715 1870 808 1933 festae
824 1871 919 1949 pocla,
941 1871 1093 1948 omniaque

1 1983 2 2018 t
96 1955 182 2015 etiam
197 1973 272 2034 quae
289 1965 354 2016 ante
377 1957 492 2017 occulta
506 1957 619 2017 inerant
640 1957 668 2017 in
684 1956 848 2034 promiscuo
862 1974 914 2016 usu
929 1952 1027 2020 factat
1054 1963 1123 2029 at,3

1 2071 3 2104 r
53 2057 84 2100 15
94 2038 254 2114 lleroules,
277 2057 334 2100 non
357 2043 540 2120 reperiuntur
556 2042 604 2118 qui
625 2041 720 2100 norint
735 2039 822 2099 multa
837 2038 874 2106 ab
890 2040 1011 2117 antiquis
1026 2055 1093 2115 pro·

1 2161 2 2170 κ
95 2124 163 2184 dita.
192 2132 271 2184 tanto
286 2126 448 2203 priscorum
466 2141 533 2183 cura
547 2123 672 2183 fertilior
688 2131 735 2182 aut
749 2121 886 2182 industria
899 2121 1015 2181 felicior
1030 2121 1092 2195 init,

1 2247 2 2252 κ
94 2216 161 2268 ante
177 2207 253 2268 milia
274 2225 409 2269 annorum
427 2209 502 2266 inter
523 2207 664 2285 principia
686 2206 844 2266 litterarum
858 2203 987 2264 Hesiodo
1009 2222 1092 2282 prae·

96 2301 183 2370 cepta
200 2291 338 2370 agricolis
354 2291 480 2370 pandere
503 2307 571 2350 orso
589 2289 812 2367 subsecutisque
831 2304 889 2348 non
905 2288 1006 2366 paucis
1021 2287 1094 2347 banc

96 2393 194 2436 curam
209 2379 289 2453 eius,
306 2376 380 2436 unde
393 2375 477 2436 nobis
494 2375 584 2434 crevit
601 2374 699 2452 labor,
715 2375 823 2452 quippe
842 2389 905 2432 cum
919 2371 1095 2450 requirentia

54 2471 84 2512 20
96 2461 152 2520 sint
166 2477 223 2520 non
238 2460 331 2520 solum
347 2468 450 2538 postea
461 2461 598 2538 brventa,
622 2473 721 2519 verum
737 2459 821 2518 etiam
838 2473 872 2517 aa
888 2473 963 2536 quae
977 2457 1094 2516 invene·

95 2552 160 2604 rant
172 2545 260 2622 prisci
273 2544 381 2604 desidia
394 2561 489 2604 rerum
501 2544 689 2604 internicione
705 2543 861 2602 memoriae
876 2541 989 2602 indicta.
1007 2538 1124 2602 Guiusf

94 2628 147 2686 viti
171 2645 274 2688 causas
297 2629 361 2708 quis
383 2628 454 2690 alias
477 2645 561 2708 quam
586 2626 722 2706 publicas
744 2626 838 2686 mundi
857 2621 1032 2707 invenerit‘l
1054 2627 1094 2686 ni-

94 2712 196 2771 mirum
212 2711 260 2772 alii
283 2711 400 2772 subiere
419 2713 507 2788 ritus,
528 2712 663 2791 circaque
683 2710 739 2772 alia
759 2717 871 2772 mentes
887 2710 1031 2772 bominum
1046 2711 1095 2770 de-

95 2797 223 2855 tinentur
248 2805 278 2855 et
303 2796 440 2856 avaritiae
462 2805 568 2857 tantum
593 2805 670 2856 artes
694 2795 836 2856 coluntur.
866 2806 950 2858 antea
978 2795 1095 2854 inclusis

56 2881 225 2958 negantium
246 2880 374 2959 imperiis
395 2876 468 2940 intra
489 2882 585 2958 ipsas,
608 2879 741 2956 adeoque
762 2888 791 2938 et
811 2879 950 2958 ingeniis,
974 2877 1095 2956 quadam

96 2963 250 3024 sterilitate
265 2963 397 3024 fortunae
414 2982 539 3024 necesse
556 2973 618 3024 erat
634 2964 719 3023 animi
730 2963 805 3024 bona
818 2981 976 3038 exercere,
993 2980 1094 3040 reges·

97 3065 155 3127 que
166 3049 305 3108 innumeri
323 3049 435 3108 honore
450 3050 551 3109 artium
568 3048 738 3108 colebantur
749 3050 817 3108 etin
833 3047 1024 3123 ostentatione
1043 3047 1094 3106 has
1171 3066 1173 3071 ’

50 3154 53 3159 ’
95 3131 303 3210 praeferebant
326 3149 431 3211 opum,
456 3131 687 3193 inmortalitatem
711 3131 765 3192 sibi
781 3150 835 3211 per
855 3133 919 3192 illas
942 3131 1107 3210 prorogari¹

97 3215 280 3292 arbitrantes,
289 3233 378 3296 quare
388 3217 569 3278 abundabant
581 3226 610 3276 et
623 3219 784 3296 praemiaet
794 3233 884 3295 opera
897 3215 982 3276 vitae.
996 3223 1124 3294 poste-5

55 3315 86 3358 ao
98 3302 139 3358 ris
160 3300 263 3361 laxitas
279 3301 374 3360 mundi
392 3311 421 3362 et
441 3321 536 3362 rernm
557 3301 714 3380 amplitudo
730 3301 833 3362 damno
848 3300 909 3360 fuit.
943 3309 1096 3378 postquam

99 3394 217 3444 senator
234 3403 323 3444 censu
349 3385 408 3462 legi
425 3395 565 3464 coeptus,
587 3385 674 3446 iudex
694 3386 757 3446 fieri
770 3403 875 3460 censu,
899 3385 1094 3461 magistratum

98 3469 260 3559 ducemque
277 3469 345 3528 nibil
358 3471 448 3546 magis
466 3487 608 3530 exornare
622 3489 707 3549 quam
723 3487 842 3545 census,
859 3477 1010 3548 postquam
1027 3486 1094 3530 coe-
