2462 3900
160 217 223 282 268
487 231 797 282 c.1¹t.1ot1sscutt1>1
890 285 893 294 ,

118 397 153 452 89
231 387 279 450 13.
310 385 374 448 Νοιι
398 385 506 448 licebat
527 382 565 450 il'
580 385 694 448 leminis
716 385 827 451 Rornae
849 387 963 450 bibere.
1000 388 1166 452 invenimus

162 473 235 532 iuter
249 471 383 550 exempla
398 469 503 548 &nati
519 469 634 532 bisseni
649 488 788 548 uxorem,
801 473 878 552 quod
895 475 990 535 vinunr
1006 473 1134 537 bibisset
1149 493 1167 534 e

161 556 258 631 dolio,
282 556 463 618 interiectam
480 556 549 616 insti
570 573 586 616 a
606 557 727 630 marito,
750 575 873 637 sumque
889 558 988 620 caedis
1005 575 1022 621 a
1037 557 1166 630 Ιίοιιιιιίο

160 639 332 702 absolutum.
356 638 462 700 Fabius
475 639 572 700 Pictor
584 641 612 698 in
626 640 776 702 annalibus
791 643 850 704 sais
862 642 980 720 scripsit
993 651 1165 718 matronam,

160 725 238 805 quod
254 725 368 785 loculos
392 726 420 784 in
436 723 538 803 quibus
560 733 642 784 erant
657 724 758 786 elavos
778 725 903 786 vinariae
921 726 1014 786 sellae
1031 729 1188 804 resigna-s

117 811 270 884 libuisset,
285 825 303 868 a
318 809 378 867 suis
392 809 487 868 inedia
503 809 575 868 mori
590 817 729 868 coactam.
756 807 829 870 (luto
845 809 913 870 ideo
928 811 1110 889 propinquos
1124 810 1165 870 ie·

159 895 241 954 urinis
257 892 389 952 osculum
404 892 474 954 dare
494 900 524 952 ut
539 893 647 952 seirent
666 909 702 952 an
722 902 856 954 temetum
873 891 996 956 olerent.
1027 893 1086 954 hoo
1108 902 1166 955 turn

159 993 264 1038 nornen
282 978 349 1038 vino
370 984 449 1050 erat,
472 975 595 1037 undeet
615 976 781 1038 temulentia
801 978 959 1056 appellata.
995 975 1048 1037 Cn.
1063 977 1165 1036 Domi-

159 1065 214 1122 tius
229 1057 317 1120 iudex
330 1059 524 1138 pronuntiavit
538 1059 688 1120 mulierem
699 1059 792 1120 videri
806 1061 872 1139 plus
886 1064 944 1122 viui
955 1061 1066 1124 bibisse
1076 1079 1166 1140 quam

159 1144 331 1205 valetudinis
356 1159 443 1204 eausa
462 1144 526 1202 viro
547 1144 705 1220 insolente,
730 1154 758 1205 et
781 1145 850 1209 dote
878 1145 1015 1206 multavit.
1055 1145 1196 1222 linques

116 1238 150 1292 91
163 1229 226 1290 sius
242 1229 288 1287 rei
310 1245 413 1304 magua
435 1222 613 1306 parsimonia
633 1227 694 1288 fuit.
728 1228 759 1289 L.
784 1227 916 1307 Papirius
934 1230 1093 1308 imperator
1118 1229 1166 1290 ad·

160 1331 263 1376 versus
279 1312 421 1374 Samnitas
435 1311 618 1372 dimicaturus
632 1313 829 1388 somniauit,
845 1314 870 1372 si
884 1313 1019 1386 visisset,
1031 1311 1096 1372 lovi
1113 1330 1164 1390 po·

159 1399 257 1460 nillum
277 1397 344 1456 vini.
376 1396 501 1474 deniqne
525 1397 600 1454 inter
615 1394 691 1455 dona
712 1395 858 1456 sextarios
880 1397 964 1458 lactis
980 1396 1064 1456 datos
1084 1397 1165 1456 inro-
1186 1399 1188 1406 ’

158 1485 260 1557 nimus,
274 1497 412 1559 nusquam
423 1481 490 1540 vini.
521 1480 597 1539 idem
610 1475 684 1542 Cato
695 1499 760 1542 oum
774 1482 802 1539 in
817 1479 983 1560 Hispaniam
998 1480 1164 1555 navigaret,

159 1567 233 1628 unde
259 1580 324 1626 oum
349 1561 492 1643 triurnpbo
513 1562 614 1638 rediit,
639 1581 697 1624 non
719 1563 795 1627 aliud
816 1565 911 1624 vinnm
928 1563 999 1623 bibit
1014 1581 1101 1642 qaam
1120 1572 1197 1622 rent

157 1652 265 1727 tulgas,
296 1651 325 1710 in
348 1657 456 1708 tanturn
481 1645 628 1708 dissimilis
656 1649 720 1710 istis
749 1649 798 1727 qui
832 1651 917 1709 stiam
943 1646 1075 1707 convivis
1110 1646 1167 1708 alia
1227 1667 1229 1676 ¹

159 1751 243 1812 quam
266 1731 456 1810 sibimetipsis
487 1732 646 1792 ministrant
676 1740 725 1792 aut
753 1733 934 1810 procedente
963 1749 1064 1790 mensa
1099 1729 1166 1789 sub·

157 1818 255 1876 iniunt.
1015 1832 1027 1856 ⁰

12 1943 20 1951 -
115 1909 149 1965 92
226 1898 310 1977 (15.)
334 1897 503 1960 bautissima
526 1897 601 1977 apud
624 1898 737 1976 priseos
751 1899 816 1960 vina
838 1908 921 1960 erant
936 1915 1049 1960 murrae
1072 1897 1167 1958 odore

159 1982 289 2057 condita,
312 1991 343 2042 ut
346 1980 510 2080 adparet
502 1999 529 2040 nr
552 1981 644 2042 Plauti
664 1981 761 2044 fabula
784 2001 859 2062 quae
875 1982 963 2046 Persa
986 1980 1198 2058 inscribitur‚²⁰

157 2085 328 2148 quamquam
345 2067 373 2126 in
389 2084 423 2128 ea
437 2073 467 2126 et
486 2066 624 2128 salemum
640 2067 706 2130 addi
721 2065 809 2128 iubet
840 2067 906 2128 ideo
925 2065 1039 2146 quidam
1053 2083 1167 2126 aroma·

157 2153 209 2214 tite
232 2152 395 2214 deleotatos
410 2168 542 2212 maxume
565 2149 694 2212 eredunt.
727 2149 779 2212 sed
799 2148 904 2212 Fabius
927 2146 1100 2210 Dossennus
1123 2149 1168 2210 bis

59 2240 61 2246 ’
157 2236 451 2298 versibusdeosruit:

271 2319 820 2424 Mittebamvinurupnlobrum‚
835 2318 1049 2392 murrinam,

157 2415 187 2466 et
200 2408 229 2466 in
246 2405 466 2467 Acharistione:
1176 2409 1199 2452 n

272 2486 672 2564 Panemetpolentam,
694 2487 820 2549 vinum
843 2485 1048 2555 murrinam.

115 2581 149 2637 93
159 2571 333 2632 Soaevolam
352 2587 468 2649 quoque
484 2579 514 2630 et
528 2569 557 2630 t.
571 2570 686 2630 Aelium
704 2579 733 2630 et
749 2569 864 2631 Ateium
879 2565 1052 2647 Capitonem
1075 2569 1104 2627 iu
1118 2583 1168 2628 ea·

158 2654 224 2714 dem
243 2655 383 2714 sententia
398 2655 489 2714 luisse
511 2655 614 2728 video,
631 2656 765 2733 quoniam
781 2656 809 2714 in
824 2651 970 2715 Pseudolo
993 2655 1046 2712 sit:

158 2737 262 2812 Quod
297 2738 328 2796 si
358 2754 455 2817 opus
487 2746 565 2812 est,
596 2747 632 2796 ut
665 2738 774 2798 duloe
806 2745 951 2815 promat
986 2733 1167 2809 indidem,

246 2833 248 2838 “
370 2819 651 2900 eoquidbabeti
678 2817 949 2898 onanttogas?
1176 2825 1199 2869 tl

157 2905 980 2984 Uerrinam,passuro‚deirntun1‚mella...‚

156 2989 262 3070 quibus
274 2989 397 3068 adparet
406 3007 463 3048 aon
475 2991 550 3052 inter
560 2991 626 3050 vina
640 2991 726 3050 modo
740 2990 903 3064 murrinam,
920 2986 972 3049 sed
982 2986 1058 3048 iuter
1070 2985 1170 3048 dulcia

157 3091 274 3154 quoque
284 3075 466 3134 nominatum

114 3169 149 3224 94
223 3159 271 3220 14.
295 3159 379 3238 (16.)
404 3156 574 3236 Apotbsoas
596 3159 688 3218 luisse
711 3166 740 3218 ot
759 3155 878 3218 diffundi
899 3153 985 3215 solita
1004 3153 1069 3216 vina
1091 3170 1169 3212 anno

155 3255 331 3305 bcxxxtn.
371 3241 452 3302 urbis
482 3241 608 3321 adparet
636 3241 793 3303 indubitato
820 3239 962 3318 Opimiani
993 3237 1052 3296 vini
1080 3255 1168 3314 argu·
1178 3243 1200 3286 ³⁵

156 3337 271 3402 mento,
296 3329 351 3386 iarn
373 3325 563 3403 intellegente
585 3344 666 3386 snum
683 3326 789 3387 bonum
805 3323 897 3384 ltalia
928 3322 1054 3382 nondum
1070 3329 1169 3380 tamen

156 3408 213 3470 ista
229 3427 338 3486 genera
352 3413 380 3472 in
395 3411 526 3472 claritate
543 3419 634 3470 erant
661 3411 757 3488 itaque
773 3409 868 3468 omnia
883 3417 951 3467 tune
967 3406 1065 3484 genita
1080 3420 1170 3467 unum

116 3490 266 3557 sshabent
283 3494 410 3554 consulis
423 3510 536 3554 nornen
555 3494 604 3552 Sis
616 3511 732 3572 quoque
748 3501 851 3572 postea
869 3492 916 3552 diu
932 3481 1124 3550 'transmarina
1141 3488 1170 3546 in
