2444 3910
246 225 326 272 ner.
351 224 443 274 men.
460 223 522 272 mr.
538 220 658 277 se-ss.
677 214 828 294 (as—so.)
989 191 1034 280 ’31

19 373 222 442 dedicatione
236 375 307 438 anas
329 393 383 455 pro
398 377 537 438 miraculo
553 377 680 438 redacta.
713 379 885 442 Sammnlam
904 395 1081 463 1111111169
1131 377 1136 395 ’

21 472 151 524 centium
174 463 254 522 annis
277 461 387 522 vixisse
409 471 576 522 auctorest
598 461 740 522 Pedianus
757 463 911 526 Asconius.
945 467 1037 530 llinus

22 550 124 608 miror
136 546 375 624 Stephanionem,
387 547 435 624 qui
448 546 556 622 primus
566 555 682 623 togatos
696 547 803 630 saltare
813 549 942 626 instituit,
955 555 1038 612 utris·

22 650 87 711 qne
111 630 315 692 saecularibus
341 629 416 690 ludis
436 629 605 704 saltavisse,
631 640 661 689 et
679 630 737 698 diri
761 631 885 709 Augusti
911 643 941 694 et
965 651 1038 713 quos

4 715 177 784 tsslaudius
202 713 313 775 Caesar
335 713 485 774 consulatu
507 731 559 773 auc
582 715 791 792 commissit,
814 717 929 796 quando
950 731 1039 782 121111

23 817 88 858 non
105 799 231 876 amplius
249 798 317 858 anni
332 797 505 874 interiuere,
531 815 700 876 quamquam
721 807 751 858 et
771 809 873 877 postea
895 802 942 862 diu
956 805 1036 862 vixit.

22 884 58 944 ln
75 882 178 942 Tmoli
194 884 299 946 montis
314 883 461 962 cacumine
477 881 554 960 quod
568 891 674 940 vocant
685 881 830 960 Tempsin
842 895 885 943 cx
899 888 978 944 annis
995 889 1037 945 vi·

23 985 103 1026 vere
121 965 266 1026 Matienus
281 975 381 1025 auctor
399 975 461 1040 est,
477 965 597 1025 totidem
613 982 703 1025 annos
716 981 833 1026 censum
849 964 950 1028 Claudi
966 968 1038 1030 Gae-

26 1053 107 1110 saris
125 1067 251 1110 censura
267 1049 299 1109 T.
312 1048 474 1109 Fullonium
488 1048 712 1125 Bononiensem,
729 1049 816 1128 idque
832 1051 954 1112 conlatis
970 1071 1036 1112 cen-

4 1135 113 1202 esibus
133 1149 209 1211 quos
225 1131 290 1192 ante
308 1133 452 1194 detulerat
467 1135 602 1214 vitaeque
621 1136 796 1210 argumentis
819 1169 860 1182 -
880 1139 984 1196 etenim
1010 1138 1037 1198 id

27 1235 123 1278 curae
144 1218 267 1295 principi
286 1226 349 1278 erat
365 1249 407 1264 -
420 1233 519 1276 verum
534 1217 674 1295 adparuit.

96 1301 150 1362 49.
174 1301 259 1380 (50.)
284 1300 414 1361 Poscere
428 1301 541 1360 uidetur
556 1301 639 1362 locus
655 1302 719 1380 ipse
734 1301 866 1362 sideralis
881 1303 1082 1370 111111111160

29 1387 218 1445 sententiaro.
254 1384 403 1462 Epigenes
419 1395 491 1444 cxn
507 1401 597 1444 annos
614 1385 719 1463 inpleri
734 1387 851 1463 negavit
866 1401 966 1464 posse,
983 1386 1036 1446 Be·

29 1487 120 1530 rosus
136 1468 242 1529 excedi
263 1481 367 1530 cxvn.
392 1468 475 1527 duret
493 1475 522 1528 et
538 1487 573 1528 ea
588 1471 661 1528 ratio
677 1487 761 1548 quam
775 1470 915 1530 Petosiris
931 1489 965 1530 ac
980 1470 1036 1530 Ne·

4 1550 149 1632 ncepscs
162 1552 340 1612 tradiderunt
357 1553 590 1629 (tetartemorion
607 1553 785 1630 appellante
796 1557 880 1614 trium
892 1556 1037 1631 signorum

31 1638 187 1716 portione)
199 1654 255 1714 qua
270 1654 361 1714 posse
374 1637 402 1696 iu
413 1635 513 1696 ltaliae
528 1644 620 1696 tractu
633 1648 860 1698 cxx1111annos
875 1641 951 1699 vitae
969 1655 1037 1698 con·

30 1723 150 1798 tingere
166 1721 297 1800 adparet.
329 1737 475 1797 negavere
492 1720 533 1781 illi
549 1735 718 1799 quemquam
732 1733 778 1780 xc
793 1723 913 1799 partium
931 1726 1037 1784 exorti·

31 1823 99 1865 vam
119 1821 283 1864 mensnram
298 1805 393 1884 (quod
416 1803 578 1882 anaphoras
594 1806 715 1885 vocant)
737 1806 916 1882 transgredi,
939 1816 969 1866 et
985 1807 1036 1866 has

33 1890 116 1968 ipsas
129 1889 215 1949 incidi
232 1905 355 1948 occursu
370 1888 566 1948 maleficorum
582 1889 706 1954 siderum
724 1898 772 1949 aut
787 1891 872 1948 etiam
887 1890 974 1950 radiis
986 1907 1036 1950 eo·

4 1989 96 2034 srom
113 1973 254 2050 solisque,
271 1971 372 2032 sclaols
387 1989 486 2032 rursus
501 1972 660 2051 Aesculapi
675 1983 775 2033 secuta
786 1989 862 2050 quae
876 1982 949 2034 stata
960 1975 1037 2034 vitae

35 2057 129 2135 spatia
146 2075 162 2116 a
178 2056 271 2117 stellis
289 2057 383 2135 accipi
401 2057 515 2131 statuit,
538 2056 590 2116 sed
609 2066 741 2134 quantum
757 2057 916 2135 plurumum
931 2057 1037 2117 tribuat

35 2143 175 2202 incertum
190 2147 244 2200 est.
267 2157 332 2200 rara
343 2149 437 2200 autem
449 2157 517 2199 esse
528 2141 625 2199 dicunt
636 2141 767 2216 longiora
778 2149 919 2218 tempora,
933 2158 1020 2219 quan·
1029 2150 1079 2205 161

39 2223 194 2302 doquidem
214 2224 365 2284 momentis
380 2222 514 2283 horarum
532 2223 690 2299 insignibus
705 2224 790 2283 lunae
806 2223 926 2297 dierum,
945 2232 975 2282 ut
987 2237 1037 2283 v11

40 2318 126 2386 atque
142 2321 205 2382 xv,
229 2324 303 2385 quae
320 2317 407 2368 nocte
425 2325 460 2366 ac
479 2307 525 2366 die
542 2305 747 2381 observantur,
771 2309 873 2382 ingens
890 2305 973 2364 turha
988 2325 1037 2365 na-

5 2413 31 2454 ar
40 2401 138 2452 scatur
150 2392 266 2451 scansili
279 2407 414 2452 annorum
425 2390 493 2466 lege
508 2391 639 2465 occidua,
654 2407 737 2470 poam
748 2388 927 2449 climacteras
936 2390 1036 2469 appel-

41 2477 110 2550 lant,
126 2492 183 2535 non
197 2475 260 2534 iere
275 2477 314 2535 111
329 2475 433 2552 genitis
448 2487 516 2535 mv.
533 2491 635 2534 annum
651 2471 868 2555 excedentibus.
898 2473 1080 2540 Primum1ca

43 2576 115 2638 ergo
130 2560 217 2638 ipsius
240 2561 308 2620 artis
332 2559 520 2618 inconstantia
538 2558 668 2619 declarat
688 2575 772 2636 quam
792 2559 902 2618 incerta
919 2575 967 2617 res
990 2561 1036 2620 sit.

43 2643 182 2706 accedunt
198 2645 395 2720 experimenta
410 2644 600 2702 recentissimi
615 2660 719 2702 census
735 2659 819 2720 quern
836 2644 909 2701 intra
925 2643 1038 2720 quadri·

44 2729 153 2787 ennium
167 2729 358 2806 imperatores
376 2724 520 2787 Caesarea
531 2725 704 2806 Vespasiani
717 2735 802 2804 pater
819 2726 952 2803 illiusque
970 2745 1037 2787 cen·

8 2826 127 2872 macres
142 2819 272 2888 egerunt.
304 2829 359 2870 nec
381 2820 445 2871 sunt
464 2813 557 2871 omnia
576 2812 689 2870 vasaria
708 2810 888 2870 excutienda.
927 2810 1038 2871 mediae

44 2905 145 2957 tantum
166 2896 255 2974 pastis
270 2895 345 2955 inter
359 2895 538 2972 Apenninum
553 2893 716 2972 Padumque
732 2909 873 2972 ponemus
889 2895 1037 2971 exempla:

45 2989 153 3040 centum
163 2980 262 3056 viginti
274 2997 363 3040 annos
372 2979 491 3039 Parmae
497 2987 557 3037 tres
568 2978 697 3052 edidere,
710 2976 829 3038 Brixelli
837 2995 909 3037 unus
917 2989 1018 3051 cxxv,
1031 2984 1081 3040 163

44 3055 158 3124 Parmae
180 3063 236 3123 duo
260 3074 372 3138 cxxx,
394 3061 559 3122 Placentiae
583 3079 671 3137 unus,
695 3059 851 3122 Fauentiae
867 3079 921 3121 una
938 3060 1039 3119 mulier

48 3159 171 3223 cxxxv,
187 3145 334 3207 Bononiae
348 3146 379 3205 L.
397 3145 549 3206 Terentius
566 3143 656 3210 111111
671 3143 763 3220 filios,
780 3146 897 3205 Arimini
913 3158 983 3203 vero
999 3142 1037 3202 11.

14 3245 38 3288 aa
49 3230 174 3310 Aponius
191 3242 274 3307 cxc,
293 3228 421 3290 Tertulla
441 3241 595 3290 cxxxvvt.
627 3229 705 3288 cirea
719 3228 893 3290 Placentiam
911 3229 938 3286 in
957 3226 1038 3286 colli·

47 3317 99 3375 bus
116 3313 248 3393 oppidum
264 3319 309 3374 est
323 3314 521 3389 Velelaciam,
535 3314 564 3371 in
581 3328 639 3392 qno
655 3325 700 3374 cx
715 3329 805 3374 annos
825 3330 878 3372 sex
895 3310 1038 3389 detulere,

49 3407 177 3478 quattuor
205 3407 343 3458 centenos
369 3399 505 3473 vicenos,
531 3413 603 3456 nnus
628 3409 711 3473 cxx,
738 3395 778 3456 11.
805 3394 916 3455 llucius
939 3392 977 3453 11.
1006 3391 1038 3455 F.

51 3482 158 3544 Galeria
174 3480 266 3543 Felix.
300 3499 335 3542 ac
355 3499 392 3542 ne
408 3481 537 3562 plurilus
558 3497 702 3540 meremur
722 3480 751 3538 in
766 3498 798 3540 re
817 3479 970 3555 contessa,
993 3480 1083 3546 11164
