2462 3900
172 155 234 234 242
524 167 553 216 c.
570 169 665 218 rcrnr
682 166 837 226 accusor.

159 323 274 400 insula,
290 299 365 402 qaae
380 339 455 384 nuuc
468 279 768 400 hleuntriaepoute
782 319 925 398 namtas,
939 319 1038 382 metir
1053 319 1181 398 dietam

165 408 282 483 velilico
293 407 391 484 navigi
405 423 489 466 cursu
502 414 608 466 terram
622 405 732 468 aluisse
742 403 879 484 prodidit.
894 403 1180 466 masculam-e

167 495 244 554 circa
258 490 449 554 bibliothecas
464 507 567 567 regum
581 489 741 562 Ptolemaei
752 497 781 553 et
795 486 947 564 Eumenis,
968 489 1179 565 supprimente

39 636 42 652 ,
167 576 281 636 chartas
304 573 473 644 Ptolemaeo
501 573 578 634 idem
600 572 695 634 Varro
717 571 898 637 membranas
921 571 1059 648 Pergami
1089 571 1179 630 nabit

164 669 307 738 repertas.
339 666 445 736 postea
460 657 625 736 promiscue
647 658 740 735 patuit
760 674 830 718 usus
853 657 969 734 reique
991 664 1117 719 coemat
1138 657 1198 714 irc-⁵

166 743 324 807 mortalitas
340 741 492 814 bominum.

126 835 157 892 tl
233 825 315 903 (22.)
339 824 480 903 Papyrnm
500 843 573 902 ergo
592 825 719 887 nascitur
738 825 767 884 in
783 823 959 902 palustribus
973 822 1114 902 Aegypti
1130 831 1178 882 aut

106 975 110 982 ,
167 908 383 990 quiescentibus
397 907 456 968 Nili
477 911 578 987 aquis,
596 907 649 970 ubi
670 915 811 986 armatae
837 915 970 984 stagnam
991 907 1048 966 darc
1075 906 1177 966 cabira
1216 969 1218 972 Α

166 1012 224 1056 uon
246 992 408 1052 excedente
428 991 576 1060 altitudine
595 993 758 1069 gurgitum,
781 991 939 1054 bracchiali
961 991 1073 1050 radicis
1102 990 1176 1049 obli

167 1095 242 1156 qnae
264 1075 469 1152 crassitudine,
492 1076 640 1153 triangulis
665 1074 821 1158 lateribus,
847 1075 949 1136 decem
972 1091 1031 1134 nou
1046 1075 1202 1152 amplians

168 1160 327 1223 cubitorum
339 1157 518 1236 longitudire
532 1161 561 1220 in
575 1158 766 1236 gracilitatem
776 1159 957 1236 instigatum,
973 1158 1069 1232 thyrsi
1085 1157 1175 1216 modo

167 1261 305 1308 cacumen
321 1243 487 1320 includens,
502 1243 582 1307 uullc
598 1243 707 1304 senine
724 1251 772 1304 ant
788 1261 842 1302 usu
858 1242 919 1302 eius
934 1241 992 1302 alio
1009 1259 1101 1320 qnam
1120 1241 1174 1302 fle

125 1337 159 1394 72
169 1331 209 1392 ris
225 1328 261 1388 ad
276 1328 348 1390 deos
365 1327 558 1394 corocaudos.
587 1325 732 1390 radicibus
748 1317 862 1388 incolae
877 1344 930 1405 pro
948 1326 1029 1402 ligna
1042 1333 1174 1400 uarntsr,

166 1431 221 1476 aec
236 1413 310 1490 ignis
322 1421 428 1474 tantun
439 1413 548 1490 gratia,
561 1411 615 1472 sed
626 1408 663 1470 ad
675 1409 732 1472 alia
743 1427 861 1490 quoque
873 1410 1005 1472 utenslia
1020 1425 1172 1468 moruus

167 1516 205 1558 ex
221 1499 285 1575 ipso
300 1493 414 1574 quidem
427 1511 541 1574 papyro
554 1495 667 1570 navigia
683 1502 784 1556 nsunt
794 1503 826 1554 et
840 1513 856 1556 e
871 1493 946 1554 libro
958 1493 1024 1553 vela
1038 1502 1201 1570 tegetes-o

167 1598 241 1659 que,
259 1597 315 1638 nec
329 1596 386 1638 non
401 1588 430 1637 et
446 1588 575 1654 vestem,
596 1579 681 1637 etiam
697 1578 852 1654 stragulam
868 1596 902 1637 ac
919 1577 1003 1638 iuno.
1033 1577 1174 1636 mandunt

167 1679 285 1741 quoque
312 1662 430 1722 crudum
458 1661 688 1739 decoctumque,
722 1679 822 1722 sucum
848 1671 956 1722 tauhun
979 1661 1171 1723 decorantes.

28 1777 33 1784 ·
126 1755 160 1810 73
171 1743 306 1807 Nascitur
319 1753 349 1804 et
363 1745 391 1803 in
407 1746 491 1819 Syria
507 1747 584 1806 cirea
599 1761 686 1824 quem
698 1745 834 1806 odoratus
850 1744 900 1816 itte
919 1743 1047 1804 calamus
1062 1743 1171 1818 lacum,

167 1846 262 1905 neque
281 1827 345 1888 aliis
362 1843 431 1888 usus
449 1837 493 1888 est
511 1845 595 1905 qaam
615 1827 681 1889 inde
700 1828 815 1890 ionibus
830 1847 884 1888 rex
897 1828 1060 1906 Antigonus
1078 1830 1110 1886 in
1123 1845 1171 1886 na·

167 1909 279 1970 valibus
305 1910 411 1986 rebus,
437 1911 561 1972 nondum
584 1919 683 1990 sparto
710 1915 929 1972 communicato.
965 1911 1069 1989 Nuper
1090 1921 1125 1972 et
1144 1913 1199 1970 irs

168 1992 315 2072 Euphrate
335 2012 459 2057 nascens
479 1996 557 2058 circa
571 1993 750 2071 Babylonem
768 2014 908 2075 papyrum
931 1995 1113 2054 intellectam
1128 2003 1173 2054 est

168 2079 289 2140 eundern
304 2097 385 2142 usura
398 2077 507 2142 babere
527 2077 654 2142 chartae.
688 2089 717 2140 et
732 2089 826 2140 amen
844 2080 938 2140 adbuc
950 2079 1059 2139 malunt
1073 2078 1173 2138 Parthi

167 2163 298 2224 vestibus
314 2163 425 2224 litteras
442 2164 585 2225 intexere.
845 2191 849 2196 «

125 2255 160 2311 74
193 2246 282 2306 ’42
307 2246 392 2326 (23.)
414 2247 607 2325 Praeparetur
622 2265 659 2306 ex
680 2265 717 2307 eo
732 2247 831 2308 charta
854 2245 947 2306 divim
970 2263 1023 2306 acu
1040 2247 1069 2314 in
1087 2263 1171 2323 prae

168 2333 260 2392 tenuis
276 2331 329 2392 sed
344 2348 428 2408 qnam
440 2330 593 2392 latissimas
610 2331 748 2409 philyrae.
769 2332 946 2409 principatus
958 2329 1065 2405 medio,
1083 2339 1200 2408 atquem

167 2414 233 2473 inde
255 2415 401 2474 scissurae
418 2414 529 2475 ordine.
563 2414 703 2478 hieratica
726 2413 928 2494 appellabatur
948 2413 1105 2490 unuqutms
1126 2432 1171 2472 ra·

75 2557 81 2572 Ι
168 2497 282 2578 ligiosis
302 2506 409 2556 tantum
429 2497 620 2559 voluminibus
636 2497 747 2574 dicata,
769 2517 844 2577 quae
866 2497 1028 2559 adulatione
1046 2495 1173 2573 Augusti

141 2646 148 2658 Ι
169 2595 272 2640 nornen
285 2581 417 2658 accepit,
433 2581 508 2640 sicut
530 2581 767 2644 secundabiriae
782 2599 799 2642 a
815 2583 940 2658 coniuge
959 2581 1031 2647 cius.
1059 2581 1101 2640 ita
1123 2581 1172 2640 de·

126 2669 161 2725 te
173 2661 285 2722 scandit
301 2662 441 2726 hieratica
455 2665 484 2726 in
497 2665 613 2726 tertiora
626 2682 740 2728 nomen.
771 2683 941 2743 proxumum
956 2663 1171 2742 amphitheatri·

169 2746 245 2806 ticae
263 2744 358 2806 datura
379 2747 505 2809 iuerata
524 2747 712 2810 coniecturae
727 2749 806 2808 loco.
835 2749 953 2826 excepit
969 2747 1043 2808 hanc
1060 2745 1200 2808 Romaest
1224 2777 1226 2814 ι

169 2828 258 2890 Fanni
285 2845 375 2906 sagax
402 2831 535 2906 officina,
568 2840 772 2911 tenuatamque
805 2831 919 2892 curiosa
947 2831 1172 2909 interpolatione

169 2913 359 2993 principalem
379 2915 450 2976 iecit
476 2935 492 2976 e
514 2914 631 2994 plebeia
655 2924 684 2976 et
709 2934 814 2976 nornen
840 2916 919 2977 dedit
939 2915 977 2975 ei.
1016 2933 1092 2992 quae
1115 2933 1173 2974 non

127 3007 161 3067 to
174 3007 254 3058 esset
276 2998 314 3057 ita
337 3008 471 3060 recurata
485 3000 514 3060 in
529 3013 582 3062 suo
597 3001 701 3060 mansit·
721 2999 987 3078 amphitheatritica.
1015 3007 1083 3076 post
1098 2998 1173 3060 bana

169 3082 277 3144 Saitica
292 3081 330 3143 ab
342 3083 452 3161 oppido
466 3081 515 3142 uhi
529 3100 660 3146 maxuma
674 3081 825 3162 fertilitas,
840 3103 880 3144 ex
893 3082 1044 3143 vilioribus
1059 3099 1171 3142 ramen-

168 3166 221 3242 tis,
242 3166 423 3246 propiorque
444 3169 594 3230 etiamnum
617 3169 717 3232 cortiai
738 3168 913 3230 Taeneotica
934 3186 952 3228 a
972 3167 1069 3226 vicino
1090 3165 1226 3242 lonast

73 3330 78 3338 ἱ
170 3249 302 3327 pondere
323 3249 379 3310 iam
396 3251 492 3323 haee,
514 3268 571 3312 uon
592 3252 738 3328 bonitate,
761 3251 883 3313 venalis.
915 3251 1171 3342 nameprporitica

169 3332 276 3394 inutilis
293 3333 448 3396 scribendo
471 3333 628 3396 involucris
644 3335 805 3396 chartarum
821 3337 1052 3414 segestriumque
1067 3333 1169 3394 merci·

117 3479 119 3482 ,
170 3412 224 3474 bus
245 3435 327 3477 usum
349 3419 486 3496 praebet,
514 3418 579 3478 ideo
602 3419 845 3480 amercatcribus
864 3421 1074 3498 cognominata.
1102 3423 1170 3494 post

170 3494 246 3558 banc
261 3515 400 3576 papyrum
413 3511 458 3566 est
472 3511 693 3604 extremumque,
702 3506 764 3564 cius
776 3505 875 3583 scirpo
884 3504 987 3581 simile,
998 3520 1034 3563 ac
1047 3519 1084 3560 ne
1097 3499 1167 3562 iuni·
