2444 3908
163 183 203 243 44
506 191 536 238 c.
554 189 649 236 curru
666 189 814 236 securum

165 364 307 428 spernens
321 347 445 424 uestigia
461 344 584 404 bominis
597 345 662 401 viso
677 309 835 402 transienda
851 341 956 402 dicitur
973 347 1123 422 protinus
1142 360 1185 404 ee-

164 434 249 492 tulos.
282 449 405 511 quonam
420 431 505 490 modo
523 415 642 505 aguila?
663 427 711 485 ubi
733 435 797 486 ante
820 435 986 506 conspecto
1010 429 1072 488 illo
1097 447 1183 508 quen

164 514 264 576 tinaet?
292 518 397 575 etenim
424 513 491 574 talia
507 514 595 571 silvas
625 514 748 570 minume
772 510 951 590 frequentari
976 523 1102 572 certum
1132 522 1183 572 est

165 619 233 660 sane
245 601 382 660 mirentur
395 601 487 676 ipsam
506 597 780 672 vestigi‘raritatem.
805 596 857 654 sed
873 595 948 654 uude
961 598 1067 655 sciunt
1079 600 1183 656 timer·

163 685 226 746 dum
240 681 328 744 ease‘l
342 687 426 744 immo
439 697 511 740 vero
522 697 573 739 car
583 680 631 740 rel
641 681 732 758 ipsius
745 689 933 757 conspectum
947 689 1086 758 paveant
1099 681 1196 742 taliter

161 770 287 845 viribus,
319 765 530 845 magnitudine,
562 763 719 823 velocitate
749 761 1001 842 praestantiores?
1040 768 1181 825 nimirum

161 854 236 914 baec
251 862 297 912 eat
312 860 412 912 natura
427 867 534 922 remen,
553 849 626 908 haec
643 849 772 928 potentia
789 849 867 922 eius,
885 849 1082 909 saevissimas
1103 851 1180 910 iera

162 953 223 998 rum
253 949 459 1012 manantesque
488 949 639 1010 numquam
658 932 768 991 uidisse
799 932 879 1010 quod
904 932 1032 994 debeant
1072 935 1180 994 timere

25 1075 34 1092 ,
163 1030 193 1080 et
209 1021 303 1078 statim
317 1019 491 1094 intellegere
508 1035 571 1076 cum
585 1018 622 1076 sit
638 1017 799 1076 timendum.
918 1019 929 1036 ⁸

122 1118 153 1170 11
231 1105 259 1162 5.
282 1102 436 1181 Elephanti
453 1103 595 1179 gregatim
612 1117 727 1179 semper
736 1099 942 1177 ingrediuntur.
967 1101 1050 1160 ducit
1070 1121 1198 1180 agmeuu

163 1205 309 1246 maxumus
327 1196 402 1262 natu,
419 1189 498 1263 cogit
517 1195 612 1246 aetate
631 1202 797 1264 proxumus.
827 1201 937 1244 amnem
952 1187 1112 1245 transituri
1129 1189 1176 1245 mi

163 1287 265 1331 numos
287 1273 489 1351 praemittunt,
512 1287 550 1329 ne
571 1270 707 1329 maiorum
733 1271 867 1346 ingressu
892 1277 1037 1329 atterente
1055 1270 1176 1330 alveum

163 1365 277 1416 crescat
302 1357 409 1434 gurgiti
432 1355 561 1414 altitudo.
590 1353 741 1430 Antipater
754 1362 854 1412 auctor
872 1363 918 1412 est
932 1353 1006 1412 duos
1019 1353 1174 1414 Antiocho

164 1441 228 1516 regi
251 1443 277 1498 in
293 1439 409 1499 bellicis
434 1439 534 1498 usibus
557 1436 684 1496 celebris
708 1438 793 1495 etiam
820 1437 1043 1514 cognominibus
1067 1439 1173 1498 fuisse.

164 1525 269 1584 etenim
287 1539 397 1582 novere
412 1541 456 1581 ea.
488 1531 568 1580 certe
584 1520 668 1595 (lato,
685 1539 748 1579 curn
764 1523 968 1599 imperatorum
982 1523 1108 1583 nomina
1127 1540 1196 1582 au·a

163 1605 276 1665 nalibua
291 1607 459 1682 detraxerit,
477 1624 541 1665 eum
557 1607 604 1683 qui
620 1605 777 1664 fortissime
799 1605 959 1682 proeliatus
976 1615 1059 1665 esset
1077 1609 1111 1666 in
1123 1607 1171 1667 Pu·

122 1692 227 1752 lintea
244 1693 317 1765 acie,
335 1691 436 1750 Surum
451 1689 565 1749 tradidit
580 1697 712 1747 vocatum
728 1689 822 1748 altero
837 1689 923 1748 dante
939 1689 1083 1750 mutilato.
1118 1693 1171 1749 Au-

164 1773 263 1834 tiocbo
291 1775 394 1834 vadum
414 1775 536 1833 lluminis
562 1773 725 1850 experienti
747 1775 840 1832 renuit
861 1773 952 1848 Aiax,
977 1773 1091 1852 alioqui
1118 1776 1172 1834 dun

163 1859 283 1935 agminis
301 1875 428 1936 semper.
455 1867 512 1915 tum
526 1858 735 1934 pronuntiatum
751 1858 813 1915 eius
830 1857 895 1916 lore
910 1858 1110 1936 principatum
1127 1859 1176 1937 qui

162 1943 324 2018 transisset,
343 1959 499 2019 ausumque
512 1939 674 1999 Patroclum
690 1940 730 1998 ob
745 1942 773 2001 id
786 1941 914 2018 phaleris
930 1943 1096 2018 argenteis,
1116 1957 1194 2021 quoa

164 2043 296 2086 maxume
313 2026 448 2106 gaudent,
477 2032 505 2083 et
523 2025 638 2102 reliquo
662 2027 736 2083 omni
755 2027 875 2102 primatu
893 2025 1020 2084 donavit.
1052 2026 1109 2085 ille
1126 2027 1171 2105 qui

163 2111 315 2171 notabatur
331 2111 425 2171 inedia
441 2118 561 2169 mortem
579 2109 751 2186 ignominiae
769 2108 914 2186 praetulit.
941 2111 1030 2168 mirus
1044 2127 1170 2190 namque

58 2237 60 2244 -
162 2197 257 2274 pudor
272 2206 327 2271 est,
343 2197 497 2274 victusque
513 2211 616 2253 vocem
633 2193 706 2269 fugit
721 2193 850 2266 victoris,
868 2201 975 2252 terram
1004 2211 1040 2252 ac
1061 2194 1169 2254 verhe-

121 2287 213 2343 lanas
237 2283 371 2360 porrigit:
401 2280 515 2359 Pudore
535 2295 685 2356 numquam
708 2277 762 2334 nisi
785 2276 812 2333 in
839 2275 936 2335 abdito
964 2288 1092 2353 coeunt,
1110 2295 1169 2337 maa

163 2367 369 2444 quinquennis,
387 2366 492 2422 femina
513 2363 660 2422 decennis.
695 2361 780 2418 initur
801 2367 894 2418 autem
915 2360 1033 2419 biennio
1059 2365 1192 2440 quinimo

163 2457 195 2506 ut
209 2449 314 2521 ierunt,
334 2449 472 2522 cuiusque
489 2447 553 2504 anui
569 2445 687 2519 diebus,
711 2461 766 2503 nec
784 2443 922 2520 amplius,
941 2453 1027 2503 sexto
1047 2447 1167 2522 person·
1214 2495 1215 2498 ,

163 2529 266 2592 duntur
281 2547 380 2603 amne,
396 2524 453 2586 non
471 2537 536 2587 ante
550 2527 675 2586 reduces
693 2527 728 2586 ad
745 2543 857 2603 agmen.
883 2545 938 2587 nec
955 2528 1101 2588 adulteria
1119 2547 1167 2589 uo·

162 2627 244 2684 vere,
261 2611 375 2670 nullave
391 2621 513 2688 propter
524 2609 644 2668 feminas
658 2611 734 2670 iuter
747 2629 780 2669 se
796 2609 910 2687 proelia
934 2613 1043 2670 ceteris
1061 2615 1166 2672 anima·
1215 2657 1216 2680 2

162 2693 238 2751 libus
254 2695 434 2771 pernicialia,
452 2711 507 2754 nec
522 2695 588 2772 quia
604 2693 679 2752 desit
694 2695 751 2753 illis
765 2695 870 2752 amoris
886 2695 942 2769 vis,
966 2707 1165 2774 namquetra·
1214 2731 1216 2740 ε

162 2775 239 2834 ditur
255 2795 327 2836 unua
341 2793 456 2838 ¹amasse
473 2778 613 2858 quandam
631 2779 659 2836 in
677 2778 814 2856 Aegypto
837 2779 965 2838 corollas
986 2781 1189 2844 uendenteua

161 2874 212 2937 ac,
235 2879 271 2920 na
287 2863 351 2940 quia
371 2862 532 2940 uolgariter
554 2861 677 2927 electam
697 2871 795 2940 potet,
818 2863 890 2921 mira
910 2871 1021 2942 gratam
1051 2861 1163 2924 Aristo

119 2955 153 3010 li
165 2945 250 3025 piam
265 2944 459 3006 celeberrimo
475 2949 503 3005 iu
525 2957 587 3006 arte
601 2946 795 3022 grammatica.
819 2944 891 3004 alius
906 2945 1097 3007 Menandrum
1114 2950 1163 3024 Sy·
1215 2983 1216 2986 =

161 3031 656 3107 racusanumincipientia‘iuventae
669 3031 696 3087 in
713 3031 842 3087 exercitu
860 3029 1031 3105 Ptolemaei,
1049 3029 1162 3092 deside·
1214 3023 1216 3084 ἕ

160 3115 232 3174 rium
248 3116 320 3190 eius,
340 3115 474 3192 quotiens
491 3133 546 3174 non
561 3115 691 3188 videret,
717 3111 810 3171 inedia
826 3121 958 3172 testatus.
987 3122 1017 3172 et
1032 3133 1161 3192 unguen·
1214 3091 1216 3160 l

64 3220 70 3234 ‚
144 3201 259 3260 ,tarium
283 3197 423 3278 quandam
443 3197 577 3258 dilectam
600 3196 668 3256 luba
690 3196 783 3256 tradit.
810 3199 932 3255 omnium
956 3199 1065 3256 amoris
1080 3199 1186 3266 luerem

162 3293 328 3359 argumenta
343 3281 476 3359 gaudium
495 3283 530 3341 ad
549 3286 736 3359 coriepectum
751 3277 964 3357 blanditiaeque
983 3282 1158 3358 inconditae,

162 3365 310 3446 stipesque
323 3385 394 3446 quaa
417 3366 541 3444 popolus
558 3365 687 3425 dedisset
702 3371 834 3422 servatae
851 3365 919 3420 etio
936 3365 1027 3422 sinum
1040 3365 1157 3426 ell'usae.

118 3455 152 3508 15
163 3463 218 3508 uec
238 3453 337 3511 mirum
359 3466 426 3508 esse
442 3465 569 3507 amorem
587 3448 691 3526 quibus
714 3447 750 3503 sit
769 3447 915 3520 memoria.
947 3447 1022 3505 idem
1039 3466 1158 3529 namque
