2462 3900
239 234 244 244 ·
310 211 837 289 unr.a1su.x111.4-t.(e-14.)
1016 211 1079 275 239

74 394 152 456 quae
167 375 282 452 durum,
307 385 436 452 acutum,
466 377 613 455 spinosum
641 376 728 436 babet
757 375 922 451 oxycedros
946 390 1077 457 vocatur,

73 477 192 523 ramosa
208 469 237 521 et
258 460 343 521 nodis
362 459 467 521 inieste
489 461 580 520 altem
596 459 688 520 odore
703 469 864 539 praestans.
896 461 1018 523 tractum
1033 465 1076 524 ie·

73 555 142 606 runt
162 547 247 621 myrti
267 546 475 622 magnitudine,
504 545 618 604 dulcem
641 562 758 624 sapore.
797 543 835 604 Et
855 547 971 606 maioris
994 548 1121 614 cedrino

74 632 133 692 duo
148 648 267 707 genera.
297 647 372 708 quae
390 629 475 690 iloret
491 629 613 692 fructum
630 646 687 687 non
699 629 772 704 fert,
788 629 938 688 iruotilera
956 646 1011 689 non
1026 631 1077 692 llo·

48 723 137 789 oret,
156 723 185 773 et
205 715 233 772 in
254 732 289 774 ea
315 713 535 773 antecedentem
556 713 679 772 linctum
696 722 821 790 occupat
842 729 945 772 novos.
979 731 1078 774 semen

73 801 138 858 eius
155 815 299 876 cupresso
316 798 418 859 simile.
451 798 563 876 quidam
580 797 751 858 cedrelaten
766 807 880 857 vocant.
911 816 948 856 err
965 798 1020 858 lrac
1031 817 1076 858 re·

1 913 2 936 2
72 885 137 942 sina
153 882 356 942 laudatissima.
384 883 523 943 materiae
535 899 607 941 vero
622 884 678 960 ipsi
694 883 865 958 aeternitas,
882 883 979 962 itaque
996 893 1024 942 et
1041 883 1077 942 si·
1186 905 1190 930 ι

70 967 201 1027 mulacra
216 965 336 1026 deorum
355 983 392 1028 ex
408 983 443 1026 ea
461 966 675 1027 lectitaverant.
713 965 847 1026 cedrinus
864 975 909 1026 est
925 965 1034 1028 Rornae
1049 968 1079 1026 in

1 1083 2 1112 ;
71 1051 197 1112 delubro
213 1051 323 1129 Apollo
341 1047 480 1110 Sosianus
491 1050 626 1116 Seleucia
643 1051 791 1110 adrectos.
822 1049 919 1110 Cedro
935 1052 1035 1112 similis
1049 1053 1078 1111 in

30 1147 59 1188 1⁰
71 1135 201 1197 Arcadia
223 1145 268 1219 est
291 1134 395 1211 arbor,
410 1136 439 1194 in
454 1134 579 1212 Phrygia
595 1135 692 1195 frutex
706 1145 828 1195 vocatur
845 1136 961 1210 cedrus.

127 1221 166 1284 ,6.
191 1218 277 1298 (12.)
303 1219 387 1294 Syria
402 1229 431 1279 et
445 1219 637 1278 terebinthum
652 1218 749 1278 babet.
779 1237 816 1278 ex
831 1219 876 1280 his
887 1220 1015 1280 mascula
1032 1230 1077 1280 est
1086 1232 1121 1286 nt

70 1307 136 1365 sine
152 1303 261 1379 fructu,
277 1303 447 1364 feminarum
466 1304 523 1363 duo
538 1321 658 1380 genera.
691 1302 774 1363 alteri
789 1303 902 1363 imctus¹
915 1304 1001 1364 rubet
1017 1304 1077 1364 len-

1 1423 2 1460 ι
69 1391 110 1450 tis
132 1388 342 1465 magnitudine,
371 1387 455 1448 alteri
482 1387 609 1464 pallidus
636 1405 700 1446 cum
724 1389 784 1446 vite
810 1389 994 1463 maturescit,
1020 1404 1077 1448 nou
1144 1401 1147 1408 ’

1 1615 2 1624 ι
31 1469 1078 1633 atituli*,lllatlttittllt‘attibuit·attolli.

1 1677 2 1688 ι
69 1641 218 1700 Damasco
235 1641 337 1715 Syriae
353 1657 464 1739 magna
474 1637 479 1642 ’
496 1642 632 1700 materies
651 1641 677 1699 ei
694 1639 845 1700 admodum
863 1639 939 1700 lenta
955 1658 990 1701 ac
1006 1641 1076 1701 iide-

1 1765 2 1768 =
69 1726 109 1785 iis
132 1725 168 1785 ad
188 1733 379 1801 vetustatem,
405 1726 479 1802 nigri
502 1723 684 1802 splendoris
711 1723 767 1784 dos
787 1741 957 1784 racemosus
980 1726 1076 1786 olivae

1 1846 3 1884 ,
68 1809 175 1883 modo,
197 1809 250 1870 sed
268 1809 393 1884 rubens,
416 1807 486 1898 iolip
503 1807 602 1869 densa
632 1808 689 1868 lert
705 1817 734 1867 et
758 1808 905 1869 folliculos
921 1809 1076 1869 emittentis

1 1933 2 1944 ι
71 1893 215 1993 quaedam
232 1892 364 1953 animalia
381 1911 434 1953 ceu
458 1873 569 1953 culices
584 1892 786 1971 lentoremque
803 1895 965 1953 resinosum
981 1895 1029 1973 qui
1048 1902 1077 1953 et

1 1989 58 2030 2⁰
70 1995 111 2037 ex
127 1979 238 2037 cortice
255 1963 385 2056 erumpit.
609 2019 612 2026 -

1 2123 2 2136 ,
116 2061 226 2140 (13.)
255 2061 292 2122 lit
314 2063 382 2121 rhus
404 2063 506 2136 Syriae
524 2061 652 2120 mascula
670 2061 727 2119 lert
749 2061 840 2120 sterili
856 2062 978 2137 femina,
1000 2063 1071 2121 lolio
1085 2071 1119 2125 55
1206 2071 1208 2076 '

1 2185 2 2220 ι
67 2123 142 2206 ulmi
158 2145 245 2223 paulo
262 2145 396 2222 longiore
413 2155 442 2203 et
455 2144 567 2222 piloso,
585 2144 719 2203 loliorum
735 2161 853 2220 semper
867 2146 942 2202 inter
957 2163 989 2203 se
1008 2163 1075 2204 cou-

68 2231 170 2291 trariis
182 2229 342 2308 pediculis,
355 2229 457 2306 gracili
473 2227 613 2305 brevique
630 2243 719 2287 ramo.
748 2226 843 2305 pelles
856 2226 995 2286 candidae
1009 2244 1075 2288 con·

69 2315 207 2374 ficiuntur
224 2315 268 2373 iis.
299 2331 397 2372 semen
414 2312 484 2370 lenti
504 2312 597 2371 simile
615 2328 677 2370 cnm
692 2328 748 2369 uva
764 2310 910 2386 rubescit,
930 2312 1008 2388 quod
1023 2329 1074 2370 vo·

30 2410 58 2452 w
70 2409 156 2459 catur
169 2399 255 2472 rhus,
267 2397 484 2456 medicamentis
502 2397 708 2456 necessarium.

138 2484 167 2550 7.,
187 2482 271 2561 (14.)
294 2479 332 2540 Et
346 2480 483 2558 Aegypto
496 2480 583 2540 multa
594 2495 704 2556 genera
719 2497 794 2556 quae
813 2495 871 2536 non
887 2477 988 2554 aliubi,
1006 2488 1072 2539 ante
1084 2489 1118 2546 56

70 2566 169 2625 omnia
188 2566 259 2625 licus
276 2565 314 2624 ob
330 2565 358 2624 id
374 2563 520 2641 Aegyptia
535 2564 745 2641 cognominata.
777 2561 865 2622 arbor
880 2579 962 2621 moro
974 2563 1075 2624 similis

68 2649 163 2723 iulio,
180 2648 391 2726 magnitudine,
408 2649 567 2727 adspectu,
584 2665 699 2726 pomum
716 2663 772 2704 non
787 2648 875 2706 ramis
890 2648 943 2707 sed
955 2648 1074 2708 caudice

70 2735 130 2794 fert
146 2735 231 2811 ipso,
253 2733 340 2810 idque
357 2733 428 2792 licus
446 2740 490 2792 est
505 2733 670 2811 praedulcis
687 2732 748 2792 sine
765 2732 863 2807 granis
878 2732 1072 2808 interioribus,

32 2829 214 2898 eoperquam
231 2816 356 2896 fecundo
373 2825 532 2895 proventu,
556 2815 714 2894 scalpendo
731 2823 836 2874 tautum
851 2814 957 2876 ierreis
974 2815 1073 2891 ungui·
1140 2855 1159 2870 .,

69 2903 138 2977 bus,
151 2901 235 2960 aliter
246 2919 303 2960 non
315 2903 490 2961 maturescit.
509 2902 561 2960 sed
575 2919 639 2960 cum
649 2899 705 2957 boc
717 2898 823 2958 iactum
836 2908 896 2977 est,
910 2907 1011 2977 quarto
1024 2898 1070 2957 die
1083 2906 1117 2962 5⁷

43 2987 228 3063 'demetitur
244 2985 300 3044 alio
314 2984 524 3059 subnascente,
540 2995 663 3062 septeno
679 2984 717 3042 ita
733 2999 887 3043 numerosa
902 2991 1003 3061 partu,
1020 2999 1074 3059 per

71 3070 203 3147 singulas
222 3077 348 3129 aestates
363 3069 452 3129 multo
468 3069 544 3128 lacte
560 3068 730 3128 abundante
757 3066 948 3141 subnascitur,
964 3066 1075 3125 etiamsi

69 3173 129 3214 non
142 3153 301 3232 scalpatur,
319 3154 395 3214 ictus
408 3161 509 3253 quater
521 3161 632 3212 aestate
648 3152 832 3232 prioremque
848 3150 996 3228 expellit
987 3166 1073 3208 ruma·

13 3253 61 3295 te
72 3248 177 3300 turum.
194 3238 329 3298 materies
343 3239 454 3318 proprii
466 3237 584 3314 generis
601 3239 675 3294 inter
689 3235 863 3296 utilissimas.
882 3252 967 3294 caesa
979 3235 1073 3292 statim

73 3313 1074 3421 stagnismerg'itur—-bocesteiussiccari—,etprimosidit,postea

71 3407 186 3467 duitare
209 3406 326 3484 incipit,
349 3415 489 3485 certoque
511 3421 575 3464 eam
597 3407 674 3481 sugit
687 3405 797 3465 alienus
814 3419 895 3462 umor
919 3404 965 3480 qui
988 3401 1073 3462 aliam

73 3491 279 3567 omnemrigat.
294 3507 357 3550 oum
367 3489 495 3551 innatare
506 3489 842 3568 eoeperit,tempestivne
853 3485 976 3546 habet
952 3505 1073 3566 signum.
