2482 3910
1050 143 1054 172 l

318 189 398 236 nnn.
412 147 503 236 ausu.
517 190 565 236 ιιι.
582 182 702 240 st-os.
720 176 874 262 (us-95.)
1037 179 1096 240 197

95 351 142 403 tur
156 341 269 418 hastae,
286 351 317 401 et
330 332 424 403 tamen
438 343 585 422 'quaedam'
596 345 713 422 ingenio
728 340 842 407 medica
858 344 1016 424 diligentia.
1037 345 1097 406 ele·

96 427 267 508 phantarum
282 433 398 505 quoque
414 434 532 504 tergora
548 429 766 507 inpenetrabilis
783 439 879 490 cetras
894 430 1017 506 habeut,
1034 448 1098 490 cum

94 521 190 571 tamen
207 513 329 570 omnium
347 511 554 590 quadripedum
577 512 720 573 subtilitas
740 516 824 574 animi
851 515 1008 593 praecipua
1031 508 1097 592 per·

94 595 230 656 hibeatur
244 595 313 654 illis.
332 611 405 672 ergo
421 598 494 656 eutis
509 598 571 675 ipsa
587 613 676 657 sensu
692 607 782 674 caret,
798 617 930 659 maxume
945 599 973 656 in
990 601 1110 676 capite.x

67 681 271 757 cubicumque
286 694 341 758 per
357 695 390 737 se
405 694 440 740 ac
456 680 519 739 siue
535 697 622 740 earne
638 691 684 740 est
698 683 849 743 volnerata
866 697 922 742 nou
938 682 1007 757 coit,
1025 683 1098 741 utin

2 811 7 818 ,.
94 764 190 823 bucca
205 762 343 841 cilioqua.

158 847 243 926 (st.)
261 845 342 920 Quae
357 847 460 908 animal
475 850 588 927 pariunt
602 850 679 928 pilos
690 849 797 910 habent
798 866 895 930 ,quae
907 865 963 909 ova
979 849 1141 928 ptnnasuss
1195 907 1201 911 .

1 923 7 992 ι
94 940 144 990 aut
159 945 292 1010 squamas
308 940 357 991 aut
373 933 513 992 corticem
528 942 560 992 ut
574 934 748 1009 testudines,
771 943 817 994 aut
837 951 938 1014 puram
959 942 1053 992 cutem
1068 943 1098 992 ut

95 1023 262 1094 serpentes.
308 1014 459 1076 Pindarum
481 1017 581 1077 caules
605 1018 727 1077 omnium
749 1019 822 1079 caui
867 1019 1020 1099 praecisae
1041 1031 1098 1076 non

58 1126 84 1168 10
96 1109 243 1175 creseunt,
260 1099 381 1160 evolsae
397 1110 596 1176 renascuntur.
641 1101 815 1161 blembranis
833 1101 933 1163 volant
947 1101 1098 1179 fragilibus
1212 1163 1215 1184 ι

2 1209 3 1216 ¹
94 1185 224 1258 insecta,
246 1183 407 1244 umentibus
429 1185 595 1244 hirundines
615 1187 744 1260 inmari,
766 1187 853 1244 siccis
868 1186 943 1245 inter
958 1194 1035 1245 tacta
1048 1203 1098 1244 ve-

1 1293 6 1332 ι
94 1267 249 1349 spertilio.‘
276 1285 341 1329 nam
356 1269 459 1334 horum
480 1270 543 1330 alae
559 1285 675 1348 quoque
692 1269 829 1329 articulos
845 1269 959 1329 habent.
992 1269 1045 1328 Pili
1062 1277 1164 1336 adii,

93 1361 162 1412 cute
179 1361 286 1412 exenni
303 1369 401 1413 crassa
417 1353 494 1428 hirti,
511 1353 623 1413 leminis
637 1353 802 1428 tenuiores,
819 1354 902 1431 equis
916 1355 945 1412 in
960 1351 1027 1412 iuba
1043 1353 1097 1412 lar·

92 1438 135 1515 gi,
152 1438 180 1494 iu
196 1436 281 1496 armis
298 1437 387 1512 leoni,
401 1437 542 1515 dasypodi
558 1446 588 1497 et
602 1439 630 1496 in
645 1437 744 1496 buccis
759 1439 833 1496 intus
849 1446 878 1496 et
894 1436 947 1496 sub
962 1435 1097 1516 pedibus,

1 1529 5 1565 ;
57 1543 83 1585 rs
94 1537 172 1600 quae
187 1529 309 1600 utraque
326 1520 441 1598 'irogus
455 1531 486 1580 et
503 1523 532 1580 in
548 1521 653 1601 lepore
666 1520 790 1597 tradidit,
809 1521 866 1580 hoc
882 1520 1019 1599 exemplo
1034 1519 1097 1579 libi·
1177 1556 1180 1562 -

94 1606 259 1665 dinosiores
281 1605 425 1664 hominurn
447 1621 563 1685 quoque
584 1605 675 1664 hirtos
697 1605 850 1683 colligens.
896 1605 1099 1665 villosissimns
1186 1606 1190 1622 '

1 1717 4 1756 ι
93 1688 256 1750 ιιιίιιιιΙῑιιιιι
273 1689 367 1767 lepus.
399 1688 541 1749 labescit
556 1689 642 1750 homo
658 1689 755 1764 solus,
779 1690 856 1768 quod
874 1690 929 1748 nisi
945 1689 1075 1766 contigit,
1088 1697 1141 1750 tito
1175 1763 1180 1776 κ

1 1800 4 1840 ι
91 1773 204 1832 ¹sterilis
215 1774 247 1832 iu
262 1773 409 1850 gignendo
427 1783 482 1849 est,
502 1791 554 1833 seu
570 1791 630 1834 mas
645 1793 697 1832 seu
715 1773 828 1834 lentina.
872 1773 925 1834 Pili
939 1775 968 1832 iu
983 1773 1098 1832 homine

93 1857 199 1936 partim
221 1859 303 1918 simul
324 1858 428 1936 partim
450 1867 553 1936 postea
576 1859 738 1936 gignuntur.
779 1859 807 1917 hi
829 1859 961 1918 castratis
975 1875 1034 1917 nou
1049 1873 1097 1916 na·

2 1973 3 1978 1
56 1950 223 2002 noscuntur.
255 1943 401 2019 congeniti
417 1950 511 2001 autem
525 1959 582 2001 uon
596 1944 739 2024 desinunt,
754 1943 829 2002 sicut
843 1960 898 2002 nec
910 1941 1024 2001 leminis
1040 1959 1098 2001 mu·

92 2041 154 2103 gno
169 2041 271 2102 opere.
287 2027 421 2087 inventae
432 2035 526 2086 tamen
539 2026 679 2105 quasdam
691 2025 816 2085 defluvio
830 2026 932 2104 capitis
943 2025 1097 2100 invalidae,

2 2155 3 2160 1
91 2118 125 2168 ut
142 2117 171 2168 et
186 2108 322 2186 lanugine
337 2111 408 2186 oris,
428 2129 491 2169 cunr
506 2113 643 2170 menstrui
659 2127 759 2169 cursus
776 2117 896 2168 stetere.
928 2108 1098 2187 quibusdam

2 2243 3 2248 ,
91 2201 163 2272 post
178 2195 269 2269 geniti
281 2196 352 2253 viris
369 2203 473 2272 sponte
493 2211 550 2253 non
567 2195 731 2271 gignuntur.
769 2190 993 2271 quadripedibus
1009 2191 1098 2270 pilum

93 2277 203 2337 cadere
221 2287 307 2356 atque
323 2277 458 2338 subnasci
476 2295 596 2338 annuum
613 2287 666 2337 est.
696 2276 774 2335 Viris
791 2283 929 2335 crescunt
946 2292 1078 2334 maxume
1089 2285 1140 2338 231

56 2365 123 2423 ²⁵in
140 2361 263 2440 capillo,
285 2379 352 2421 mox
367 2364 395 2420 in
410 2359 518 2436 barba.¹
541 2363 628 2422 recisi
648 2377 705 2420 non
728 2369 756 2420 ut
769 2359 878 2419 herbae
894 2377 929 2418 ac
947 2365 1045 2419 cetera
1061 2357 1097 2419 ab
1184 2437 1186 2442 ,

90 2449 159 2524 ipsa
175 2446 301 2506 incisura
316 2455 468 2524 augentur,
487 2445 539 2506 sed
555 2445 590 2505 ab
604 2446 703 2506 radice
720 2452 835 2504 exeunt.
872 2451 1008 2502 crescunt
1025 2452 1055 2502 et
1070 2443 1109 2501 ἰιιχ
1161 2520 1163 2523 Ι
1215 2487 1219 2500 .

92 2529 265 2609 quibusdam
283 2530 402 2607 morbis,
418 2546 550 2590 maxume
567 2530 689 2609 phthisi,
712 2537 741 2589 ct
758 2531 786 2588 in
802 2536 938 2604 senecta,
955 2527 1099 2590 defunctis

92 2629 212 2692 quoque
235 2614 418 2693 corporibus.
451 2613 611 2674 libidinosis
632 2614 779 2691 congeniti
802 2613 939 2672 maturius
961 2611 1099 2687 doiluunt,

91 2697 211 2774 adgnati
227 2699 355 2759 celerius
370 2708 515 2758 crescunt.
552 2697 786 2776 Quadripedibus
809 2705 961 2757 senectute
986 2713 1099 2756 crasse·

56 2799 82 2840 so
93 2791 180 2842 scunt
197 2780 339 2861 lanaeque
354 2792 515 2843 rarescunt.
545 2781 752 2861 quadripedum
764 2782 850 2842 dorsa
862 2781 968 2861 pilosa,
981 2789 1098 2840 sennes
1132 2775 1136 2792 '

91 2865 198 2944 glabri.
231 2866 318 2926 boum
336 2869 424 2927 coriis
438 2867 575 2946 glutinum
594 2861 775 2944 excoquitur,
793 2873 996 2944 taurorumque
1013 2879 1098 2944 prae·

92 2951 219 3028 cipuum.

159 3035 243 3114 (95.)
259 3035 396 3095 Mammas
417 3035 503 3095 homo
520 3035 599 3096 solus
616 3054 632 3094 e
647 3033 774 3094 maribus
787 3035 891 3110 habet,
915 3041 1013 3093 cetera
1029 3031 1087 3091 asri-
1089 3039 1141 3094 tos
1204 3092 1206 3096 ,

91 3119 179 3178 maiia
199 3135 382 3180 mammarum
405 3129 488 3179 notas
509 3128 625 3179 tantum.
669 3117 722 3178 sed
741 3136 779 3179 ne
798 3119 922 3178 laminae
938 3115 1079 3196 quidem
1070 3133 1099 3175 ιιι

55 3209 220 3302 capaciore
235 3205 290 3264 nisi
307 3221 383 3283 quae
395 3195 519 3283 possunt
533 3212 632 3282 partus
647 3219 716 3262 suos
733 3203 879 3264 attollere
908 3218 963 3260 ova
973 3201 1097 3277 gignen-

90 3288 163 3347 tium
179 3288 260 3349 nulli.
293 3305 349 3350 uec
371 3289 418 3348 lac
439 3290 493 3348 uisa
487 3288 612 3364 animal
626 3289 757 3365 parienti,
789 3287 938 3346 uolucrum
953 3284 1097 3362 vesperti-

90 3373 164 3432 lioni
179 3381 296 3433 tantum.
325 3373 488 3433 fabulosum
506 3373 581 3433 enim
595 3370 721 3432 'arbitror
737 3373 773 3433 de
790 3369 926 3446 strigibus
941 3367 1031 3428 ubera
1047 3385 1098 3428 sas

90 3457 242 3517 infantium
258 3456 347 3519 labris
366 3457 537 3535 inmulgere.
581 3471 649 3516 esso
673 3457 701 3519 in
722 3455 883 3516 maledictis
903 3453 958 3514 iam
975 3454 1098 3532 antiquis
