2444 3910
258 229 336 276 nan.
359 195 448 276 n1sb.
477 227 537 276 v11.
560 223 680 278 tva—53.
704 215 857 297 (ou—54.)
1016 217 1056 280 to

40 383 126 446 datis
147 393 278 461 protinus
295 384 490 461 exspiraturus
509 391 598 443 esset.
628 383 715 462 idque
733 385 772 442 rta
788 387 894 444 evenit.
926 385 995 446 Post
1010 403 1056 444 se-

9 461 16 480 ¹
40 467 197 545 pulturam
222 482 338 546 quoque
359 469 484 526 visurum
508 467 640 545 exempla
662 475 741 543 sunt,
763 469 817 526 nisi
838 469 915 546 quod
938 479 1057 530 naturae

40 568 161 629 opera,
179 569 236 610 non
251 551 402 628 prodigia,
425 560 643 610 consectamur.¹

110 635 166 695 53.
192 635 275 713 (54.)
295 633 326 692 ln
339 635 435 712 primis
448 642 542 693 autem
553 635 692 694 miraculo
704 643 777 708 sont,
790 643 819 694 at
831 652 886 712 qua
904 635 1098 712 frequen-180

13 741 26 780 a
39 723 96 794 tia,
107 728 222 778 mortes
233 719 402 795 repentinae
414 718 486 795 (lroc
499 727 544 778 est
553 737 660 778 summa
667 721 744 777 vitae
752 717 893 796 felicitas)
907 735 977 796 quas
989 737 1056 779 esse

42 803 193 863 naturalis
207 801 385 862 docebimus.
412 802 559 880 plurumas
574 803 700 879 prodidit
710 801 846 877 Verrius,
861 819 914 860 nos
930 819 993 861 cum
1007 803 1056 861 de·

41 889 129 947 lectu
146 885 260 945 modum
279 885 466 944 servabimus.
497 885 607 947 Gaudio
628 887 730 946 obiere
752 895 871 964 praeter
894 883 1055 963 Chilonem,

43 971 83 1032 de
108 985 169 1046 quo
191 969 330 1043 diximus,
352 969 518 1046 Sophocles
537 979 567 1028 et
582 965 740 1044 Dionysius
762 979 916 1044 tyrannus,
934 964 1098 1048 uterquen's

42 1063 177 1131 accepto
199 1054 329 1129 tragicae
350 1054 492 1112 victoriae
514 1055 626 1128 nuntio,
644 1062 736 1113 mater
757 1053 806 1112 illa
832 1051 976 1112 Cannensi
997 1053 1057 1113 alio

9 1137 188 1197 uincolumi
204 1138 269 1196 viso
293 1143 392 1196 contra
416 1138 540 1196 nuntium
562 1136 674 1200 falsum.
709 1136 819 1214 pudore
842 1136 989 1196 Diodorus
1012 1153 1056 1196 sa·

45 1224 179 1301 pientiae
201 1219 373 1280 dialecticae
393 1220 563 1298 professor,
581 1221 690 1280 lusoria
706 1222 877 1298 quaestione
893 1237 951 1278 non
964 1222 1055 1300 proti·

44 1323 101 1365 nus
121 1304 160 1364 ab
184 1297 413 1380 interrogatione
436 1305 576 1382 stilponis
598 1305 749 1366 dissoluta.
782 1303 877 1363 Nullis
899 1304 1038 1382 evidenti-
1048 1314 1098 1367 181

45 1391 103 1450 bus
125 1389 224 1448 *causis
249 1387 368 1462 obiere,
391 1388 456 1447 dnm
474 1389 632 1448 calciantur
647 1390 802 1462 matutino,
825 1389 881 1447 duo
900 1385 1056 1463 Caesares,

45 1481 171 1553 praetor
187 1481 217 1531 et
232 1479 367 1550 praedura
382 1472 551 1550 perfunctus
574 1473 724 1532 dictatoris
738 1470 878 1531 'Caesaris
893 1481 992 1550 pater,
1009 1471 1057 1530 bic

11 1569 36 1610 1⁵
45 1557 123 1618 Pisis
148 1557 342 1632 exanimatus,
365 1556 415 1615 ille
435 1555 562 1631 Romae,
586 1555 622 1630 Q.
645 1555 752 1615 Fabius
773 1553 922 1615 blaxumus
945 1557 972 1614 in
988 1572 1056 1614 con·

48 1641 144 1701 sulatn
160 1655 213 1700 suo
229 1639 322 1718 pridie
337 1636 455 1700 kalend.
474 1639 635 1714 lanuarias,
652 1642 681 1698 in
701 1641 781 1698 cuius
804 1640 899 1698 locum
916 1637 948 1698 G.
967 1638 1055 1700 llebi·
1100 1663 1107 1672 ·

49 1728 106 1785 lins
129 1725 366 1802 paucissimarum
381 1723 515 1783 horarum
533 1725 713 1784 consulatum
734 1723 834 1800 petiit,
850 1727 918 1783 item
935 1722 968 1782 G.
987 1723 1057 1783 Vol·

50 1811 144 1870 catius
157 1807 271 1885 Gurges
285 1817 413 1884 senator,
427 1826 532 1867 omnes
541 1809 614 1867 adeo
627 1809 689 1867 sani
702 1817 788 1889 atque
800 1810 965 1886 tempestivi
980 1818 1010 1866 nt
1019 1806 1055 1866 de

49 1891 268 1972 progrediendo
285 1894 462 1969 cogitarent,
484 1892 518 1966 Q.
538 1891 814 1970 Aemiliusbepidns
829 1894 884 1952 iam
901 1892 1055 1968 egrediens

15 1980 169 2037 otncusso
186 1976 297 2055 pollice
321 1977 407 2036 limini
432 1975 573 2052 cubiculi,
593 1975 626 2036 G.
646 1977 796 2036 Aulustius
817 1989 972 2054 egressus,
992 1990 1055 2035 cum

49 2065 78 2121 in
100 2069 231 2120 senatum
250 2061 322 2137 iret,
347 2059 460 2120 offenso
481 2061 558 2138 pede
577 2063 606 2119 in
628 2062 767 2120 comitio..
790 2061 904 2138 legatus
922 2075 1038 2138 quoque
1047 2067 1096 2123 182

51 2147 100 2224 qui
115 2143 292 2204 Rhodiorum
308 2161 424 2204 causam
439 2145 466 2202 in
483 2154 583 2203 senatu
595 2161 698 2220 magna
714 2161 778 2202 cum
792 2136 978 2203 admiratione
991 2159 1055 2202 ora-

50 2238 134 2288 verat
144 2223 280 2288 in'limine
294 2229 391 2288 curiae
407 2229 537 2305 protinus
548 2229 707 2305 exspiravit
722 2227 859 2304 progredi
873 2226 988 2300 volens,
1003 2224 1055 2284 Gn.

52 2313 160 2373 Bobius
172 2311 337 2390 Tamphilus
347 2320 482 2389 praetura
494 2318 523 2370 et
535 2312 600 2388 ipse
612 2310 736 2384 iunctus,
753 2327 817 2368 curn
832 2327 847 2367 a
863 2325 955 2386 pneru
967 2326 1054 2385 quae·

19 2413 44 2452 ns
55 2400 142 2457 sisset
155 2397 258 2471 buras,
273 2395 364 2455 Aulus
381 2395 535 2473 Pompeius
549 2397 578 2453 in
594 2391 751 2473 Capitolio,
769 2411 832 2452 cnm
848 2393 920 2452 deos
935 2393 1055 2452 salutas·

56 2491 115 2556 set,
133 2479 180 2540 bl'.
197 2480 341 2541 Iuventius
364 2477 473 2540 Thalna
496 2479 614 2554 consul,
635 2497 699 2538 cnm
720 2479 913 2551 sacrificaret,
937 2473 1055 2535 (bser-

54 2566 138 2625 vilius
159 2565 268 2639 Pansa,
292 2581 356 2623 cum
379 2572 471 2623 staret
490 2565 519 2623 in
540 2563 605 2623 foro
629 2564 665 2622 ad
682 2563 831 2622 tabernam
855 2562 925 2621 bora
946 2560 1003 2620 diei
1020 2560 1057 2621 ad

56 2649 210 2708 secundam
227 2651 255 2706 in
272 2648 303 2709 Ρ.
319 2648 440 2708 Pansam
460 2648 577 2710 nauem
592 2649 721 2722 innixus,
743 2645 851 2706 liebius
870 2645 973 2720 iudex,
992 2647 1057 2705 dum

58 2733 246 2793 vadimonium
261 2731 369 2794 differri
384 2732 481 2806 iubet,
500 2731 538 2790 bl.
554 2731 707 2791 Terentius
724 2729 836 2805 Corax,
852 2731 918 2790 dum
932 2729 1057 2789 tabellas

27 2817 160 2877 wocribit
180 2819 208 2876 in
228 2816 304 2876 iuro.
336 2810 464 2875 necnon
480 2825 510 2875 et
532 2831 673 2894 proxumo
695 2833 784 2892 anno,
806 2815 871 2875 dum
893 2814 1037 2873 consulari
1049 2823 1099 2876 183

59 2904 120 2961 viro
134 2903 162 2960 in
178 2919 275 2960 aurem
293 2899 372 2974 dicit,
388 2919 480 2978 eques
494 2899 640 2960 Romanus
657 2909 722 2958 ante
736 2899 903 2976 Apollinem
919 2898 1057 2957 eboreum

62 2988 108 3064 qui
125 2994 170 3045 est
183 2985 288 3045 inforu
300 2984 432 3060 Augusti.
464 3001 553 3062 snper
570 2986 661 3042 omnis
680 2981 713 3041 0.
731 2982 819 3043 lulius
834 2983 974 3058 medicus,
991 2980 1057 3039 dum

61 3072 200 3148 inunguit,
221 3068 373 3148 specillum
388 3087 442 3146 per
459 3068 574 3127 oculum
588 3068 720 3142 trahens,
737 3068 829 3127 Aulus
847 3065 968 3126 Manlius
986 3061 1056 3122 'lor-

63 3163 160 3233 quatus
176 3153 352 3227 consularis,
371 3169 434 3211 cum
449 3154 477 3210 in
490 3169 562 3211 cena
579 3151 741 3229 placentam
756 3152 919 3230 adpeteret,
935 3147 966 3206 L.
983 3147 1056 3206 Tuc-

31 3255 53 3298 aa
63 3239 121 3298 cius
135 3238 263 3298 medicus
276 3235 371 3312 Valla,
384 3235 449 3295 dum
462 3234 546 3293 mulsi
562 3237 707 3313 potionem
720 3236 824 3311 haurit,
836 3236 893 3312 Ap.
910 3230 1055 3306 Saufeius,

64 3322 203 3382 ebalineo
216 3339 353 3381 reversus
366 3337 429 3378 cum
443 3318 563 3378 mulsum
574 3317 695 3378 bibisset
710 3335 853 3398 ovomque
868 3315 1011 3390 sorberet,
1023 3314 1054 3374 P.

34 3449 37 3459 -
64 3407 190 3481 Quintius
199 3404 335 3483 Scapula,
345 3421 408 3463 curn
420 3403 495 3482 apud
505 3402 650 3480 Aquilium
661 3401 772 3462 Gallum
785 3408 912 3474 cenaret,
920 3398 1057 3459 Decimus

66 3490 193 3551 Saufeius
205 3489 312 3565 scriba,
326 3507 389 3548 cum
402 3488 477 3549 domi
494 3504 563 3547 suae
577 3485 740 3564 pranderet.
770 3484 922 3627 Cornplips
940 3483 1039 3545 Gallus
1046 3489 1099 3545 184
