2444 3910
155 171 194 236 12
501 185 530 232 c.
548 183 644 231 enrnr
661 183 809 231 sncurror

150 350 215 420 rant
235 341 404 415 animaris,
432 338 602 419 plerumque
625 346 654 397 et
675 338 831 412 alternant,
860 339 933 396 sicut
956 335 1173 397 Gracchorum

151 434 244 484 mater
261 425 436 484 duodeciens
455 431 483 482 et
499 423 659 502 Agrippina
675 421 835 482 Germanici
851 423 982 480 noviens.
1013 421 1081 480 aliis
1099 431 1172 481 ste·

110 509 215 574 terilis
231 518 274 568 est
290 511 420 583 iuventa,
443 507 506 566 aliis
524 506 615 566 semel
630 509 657 564 in
673 507 729 565 vita
747 505 828 564 datur
846 507 978 582 gignere.
1012 507 1171 582 quaedam

152 597 209 652 non
230 593 379 671 perierunt
401 600 516 670 partus,
544 591 661 669 quales,
685 591 710 647 si
732 590 846 667 quando
868 589 1009 648 medicina
1034 599 1065 648 et
1091 609 1172 649 cura
1202 639 1207 652 .

152 679 266 752 vicere,
291 676 424 736 feminam
445 674 507 733 lere
533 677 661 752 gignunt.
708 673 790 733 divos
812 672 959 752 Augustus
986 674 1013 730 in
1042 673 1193 752 reliquas

152 761 350 839 exemplorum
372 760 489 818 raritate
505 761 599 837 ineptis
622 775 692 817 suae
710 765 846 835 nepotem
862 757 930 816 vidit
950 758 1084 834 genitum
1103 775 1170 836 quo

152 846 279 904 excessit
291 861 364 902 anno
378 842 415 901 Μ.
430 842 570 918 Silanum,
588 843 636 922 qui
652 860 714 901 cum
726 841 824 900 Asiam
840 842 984 919 optineret
1000 851 1071 918 post
1090 861 1169 901 corr-

152 930 274 988 sulatum
288 926 412 985 Neronis
430 927 567 1004 principis
584 927 788 1001 successione,
810 943 923 985 veneno
941 927 1003 984 eius
1019 927 1169 984 interem-

110 1021 220 1091 59ptus
242 1018 296 1068 est.
328 1009 363 1082 Q.
380 1009 514 1070 llletellus
531 1009 752 1084 Macedonicus,
780 1027 843 1068 curn
864 1027 917 1068 sex
935 1008 1046 1069 liberos
1069 1010 1168 1069 relin-

152 1103 272 1174 queret,
289 1093 421 1152 undecim
436 1103 560 1172 nepotes
577 1095 708 1171 reliquit,
728 1111 815 1152 nurus
833 1109 905 1152 vero
921 1109 1116 1172 generosque
1134 1103 1169 1153 et
1180 1109 1203 1148 u

153 1179 244 1238 omnis
266 1179 314 1256 qui
342 1195 374 1236 se
399 1179 487 1255 patris
509 1179 705 1256 appellatione
727 1177 885 1236 salutarent
907 1177 1007 1254 viginti
1029 1187 1168 1256 septem.

109 1275 144 1327 fio
152 1262 184 1321 ln
199 1262 271 1322 actis
287 1271 446 1339 temporum
466 1260 522 1320 divi
539 1261 662 1339 Augusti
677 1262 818 1319 invenitur
833 1273 895 1319 ΧΠ.
921 1262 1075 1321 consulatu
1099 1265 1170 1321 eius

151 1343 299 1423 Lucioque
321 1345 402 1404 Sulla
422 1344 538 1422 collega
560 1363 585 1404 a.
603 1345 630 1404 d.
654 1357 705 1404 111.
724 1345 786 1403 idus
809 1344 918 1423 Aprilis
941 1342 973 1404 C.
991 1343 1168 1423 Crispinum

151 1429 278 1489 Hilarum
293 1447 331 1487 ex
343 1429 465 1506 ingenua
480 1427 567 1507 plebe
582 1427 743 1488 Faesulana
759 1447 821 1487 curn
838 1428 937 1486 liberis
952 1441 1035 1504 vm,
1054 1431 1083 1487 in
1102 1448 1166 1508 qno
1213 1449 1217 1466 ⁴

150 1529 269 1572 nurnero
292 1512 368 1572 filiae
390 1513 463 1572 duae
490 1512 590 1588 luere,
612 1513 764 1590 nepotibus
788 1525 919 1586 xxvm,
943 1514 1166 1590 pronepotibus
1177 1533 1199 1571 rs

151 1609 230 1673 xtx,
251 1595 387 1674 neptibus
401 1609 481 1675 vm,
503 1596 616 1675 prolata
636 1613 741 1676 pompa
760 1615 822 1656 oum
843 1595 974 1654 omnibus
990 1597 1035 1655 his
1054 1600 1092 1656 in·
1104 1597 1164 1657 Ca-

152 1679 254 1758 pitolio
272 1680 437 1739 inmolasse.

92 1806 142 1858 ι61
217 1797 264 1856 14.
283 1797 365 1878 (12.)
389 1797 492 1858 Mulier
508 1808 574 1876 post
586 1800 850 1877 quinquagesimum
866 1817 967 1858 sunum
978 1815 1037 1858 non
1050 1801 1162 1876 gignit,

151 1879 301 1958 malorque
316 1900 383 1958 pars
401 1883 622 1960 quadragesimo
641 1883 810 1961 profluvium
830 1883 956 1960 genitale
975 1883 1059 1941 sistit.
1094 1903 1163 1942 uam

151 1962 180 2022 in
200 1965 270 2022 viris
291 1963 471 2025 Masinissam
491 1984 591 2042 regern
614 1977 681 2044 post
703 1981 846 2026 Lxxxvt.
869 1985 971 2039 anuum
992 1983 1195 2042 generasseso

154 2047 240 2106 filiurn
263 2067 347 2126 quern
369 2047 548 2109 Metimanum
572 2051 763 2129 appellaverit
790 2051 897 2111 clarum
924 2059 984 2125 est,
1013 2048 1162 2110 Catonem

108 2134 315 2192 obcensorium
333 2135 513 2210 octogesimo
530 2144 634 2194 exacto
650 2154 666 2196 ε
689 2135 746 2194 lilia
763 2134 862 2194 Saloni
879 2135 992 2195 clientis
1010 2128 1075 2194 suis
1101 2154 1162 2213 qua

151 2215 187 2275 de
203 2233 290 2292 causa
305 2216 426 2278 aliorum
443 2220 504 2278 eius
520 2219 641 2280 liberum
665 2236 795 2297 propago
811 2218 946 2278 Liciniani
962 2227 1027 2277 sunt
1043 2235 1161 2295 cogno-

150 2301 263 2376 minati,
287 2301 315 2362 hl
334 2303 497 2378 Saloniani,
519 2321 556 2362 ex
577 2302 681 2382 quibus
700 2301 846 2362 Uticensis
866 2303 927 2362 luit.
959 2320 1052 2379 nuper
1067 2305 1162 2362 ctiam

151 2382 181 2443 L·
205 2383 328 2445 Volusio
350 2387 502 2448 Saturnino
527 2387 554 2446 in
577 2387 654 2446 urbis
678 2386 863 2464 praefectura
887 2388 1030 2446 exstincto
1055 2396 1193 2450 coturnos

152 2474 197 2524 est
221 2463 356 2528 Cornelia
372 2470 539 2546 Scipionum
557 2471 652 2546 gentis
667 2469 817 2530 Volusium
832 2471 1010 2531 Saturninum
1032 2473 1079 2547 qui
1104 2472 1161 2529 luit

153 2549 254 2607 consul
270 2553 397 2624 genitum
418 2561 486 2630 post
504 2565 590 2613 an.
605 2570 716 2612 annum.
748 2563 776 2612 et
794 2551 886 2632 u‘squc
901 2555 937 2614 ad
952 2567 1057 2628 cxxv.
1077 2556 1161 2632 apud

152 2629 289 2706 ignobilis
307 2632 434 2712 vulgaris
452 2637 598 2712 reperitur
613 2641 774 2714 generatio.

42 2797 45 2801 ·
110 2775 144 2830 63
219 2768 267 2836 15,
297 2768 383 2848 (13.)
419 2769 519 2828 Solum
541 2780 635 2832 autern
656 2772 759 2832 animal
779 2771 954 2831 menstruale
978 2769 1192 2832 mulierest.n

150 2851 217 2910 inde
231 2851 314 2909 unius
331 2861 413 2912 utero
436 2871 506 2931 quas
522 2855 704 2933 appellarunt
719 2857 821 2916 molas.
859 2874 894 2916 ea
916 2863 960 2914 est
979 2872 1046 2915 caro
1065 2856 1156 2915 lnior·

153 2937 225 3011 mis,
243 2937 466 3011 inanirna‚·icrri
481 2940 567 2999 ictum
584 2949 612 2998 et
628 2942 719 2999 aciem
736 2957 887 3019 respuens.
919 2947 1050 2999 movetur
1065 2940 1155 2998 sistit-

152 3021 209 3098 que
231 3037 364 3095 menses,
391 3029 421 3080 et
441 3031 470 3081 ut
493 3033 591 3101 partus
615 3025 687 3084 alias
709 3025 802 3083 letalis
824 3025 896 3084 alias
917 3042 973 3083 una
993 3040 1155 3082 senescens

150 3105 306 3182 aliquando
321 3104 387 3164 alvo
404 3107 534 3166 citatiore
552 3108 699 3166 excidens.
738 3109 830 3168 simile
849 3107 980 3188 quiddam
1000 3117 1028 3167 et
1040 3109 1113 3171 ¹viris
1126 3109 1154 3166 in

150 3199 252 3249 ventre
272 3191 413 3267 gignitur,
436 3190 513 3268 quod
532 3201 637 3250 vocant
660 3195 790 3267 scirron‚
815 3195 889 3251 sicut
905 3191 1000 3269 Oppio
1020 3190 1152 3270 Capitoni
1164 3208 1190 3248 :u

5 3277 6 3280 ’
109 3275 299 3347 64praetorio
312 3275 385 3332 viro.
413 3274 465 3333 sed
481 3275 550 3334 nihil
565 3275 651 3334 iacile
667 3277 830 3354 reperiatur
842 3275 991 3334 mulierum
1008 3273 1153 3354 profluvio

152 3357 242 3429 magis
258 3357 471 3417 monstribcnm.
499 3369 637 3419 acescunt
652 3370 827 3436 superventu
842 3369 951 3436 musta,
969 3359 1154 3419 sterilescunt

150 3444 246 3498 tactae
262 3440 376 3518 fruges,
391 3443 548 3501 moriuntur
565 3445 658 3519 insita,
685 3452 841 3503 exuruntur
852 3443 999 3503 hortorum
1012 3445 1152 3520 germina,
