2444 3908
160 145 201 208 76
510 155 540 202 c.
558 155 654 202 emur
670 153 821 202 seucum

160 314 236 373 dicta
253 313 300 389 qui
321 309 482 372 concubino
500 309 618 389 procaci
633 327 699 368 rure
716 325 860 368 omassum
879 307 980 369 edisse
996 328 1036 369 se
1054 322 1169 388 negante

161 397 311 456 occiderat
326 397 447 470 horem,
467 404 607 473 actusque
622 394 650 450 in
666 393 798 452 exsilium
819 402 963 472 tamquam
985 395 1106 455 colono
1127 413 1168 454 soc

119 484 360 559 181interempto.
394 480 495 541 Tauris
515 481 544 537 in
567 478 708 554 adspectu
729 479 930 554 generositas,
952 485 1049 538 tom
1073 479 1168 555 fronte,

161 565 277 625 aurihus
293 565 428 640 reclusis,
445 562 582 624 cornibus
597 562 625 619 in
642 563 794 640 procinctu
813 563 1032 623 dimicationem
1052 581 1170 642 posces

161 649 246 711 tibus.
280 649 333 709 sed
357 658 417 708 tota
435 648 607 707 conminatio
622 644 768 724 prioribus
785 646 813 704 in
830 644 962 724 pedibus.
984 656 1050 706 stat
1066 648 1189 724 imglis

161 743 263 794 scente
278 733 407 792 alternos
429 731 575 810 replicans
599 747 799 808 spargensque
821 729 850 788 in
867 730 962 789 alvom
985 730 1173 791 harenamet

119 819 258 882 romolus
274 817 434 876 animalium
451 833 488 874 eo
516 814 631 874 stimulo
650 813 816 873 ardescens.
843 814 972 874 Vidimus
992 833 1034 874 ex
1051 819 1172 896 imperio

161 901 321 962 dimicantis
338 909 368 959 et
383 900 450 959 ideo
462 907 636 958 monstratos
653 899 752 973 rotari,
770 897 908 958 cornibus
923 897 1063 959 cadentis
1081 902 1173 980 cxoip'

161 988 324 1060 iterumque
339 1001 507 1060 resurgere,
533 982 619 1042 modo
635 983 757 1042 iacentis
778 1000 815 1042 ex
831 982 915 1041 humo
931 983 1006 1058 tolli,
1023 983 1172 1062 bigarum

163 1086 220 1148 que
239 1069 324 1127 etiem
340 1085 424 1127 curru
449 1070 537 1128 citato
551 1067 631 1126 velut
651 1069 766 1144 aurigas
782 1068 926 1126 insistere.
958 1066 1195 1132 Thessalorum

162 1153 258 1230 gentis
279 1153 423 1212 inventum
438 1161 484 1212 est
502 1169 579 1231 equo
600 1153 678 1210 iuxta
699 1150 927 1229 quadripedante
949 1167 1043 1210 cornu
1055 1167 1059 1174 ’
1072 1155 1173 1212 intorta

163 1237 280 1296 cervice
304 1246 401 1296 tauros
419 1254 534 1296 necare.
567 1237 673 1314 primus
689 1234 718 1294 id
739 1235 937 1312 spectaculum
959 1235 1042 1294 dedit
1063 1235 1173 1296 Romae

122 1329 172 1385 183
180 1318 289 1381 Caesar
310 1321 441 1382 dictetur.
469 1320 541 1380 llinc
555 1321 689 1380 victimae
706 1321 865 1397 opimaeet
884 1319 1088 1379 laudatissima
1107 1323 1173 1381 deo·

162 1423 224 1464 rum
242 1406 377 1484 placatio.
409 1404 475 1464 huic
492 1413 597 1465 tantum
612 1403 725 1463 animali
755 1405 878 1464 omnium
894 1403 998 1482 quihus
1014 1408 1174 1482 procerior

163 1489 254 1548 cauda
279 1505 337 1548 uon
360 1490 453 1548 statim
484 1498 551 1549 nato
578 1495 790 1548 consummatae
812 1496 842 1546 ut
873 1489 980 1546 ceteris
1001 1497 1195 1550 mensuraret

164 1574 270 1631 crescit
291 1575 339 1631 uni
368 1572 463 1633 donec
487 1574 522 1634 ad
551 1573 675 1648 vestigia
698 1574 753 1631 ima
778 1574 938 1650 perveniat.
965 1574 1173 1650 'quamobrem

164 1656 339 1718 victimarum
360 1657 493 1735 probatio
513 1659 542 1716 in
560 1657 649 1716 vitulo
665 1665 696 1714 ut
711 1656 859 1715 articulum
874 1655 1040 1733 suffraginis
1061 1661 1172 1717 contin·

163 1746 221 1816 gat.
238 1739 375 1799 hreviore
390 1758 447 1799 non
462 1742 553 1801 litant.
586 1741 643 1811 hoc
658 1757 775 1818 quoque
792 1749 918 1800 notatum
931 1740 1038 1799 vitulos
1057 1744 1098 1802 ad
1111 1760 1172 1802 aras

163 1824 269 1882 umeris
285 1824 406 1883 hominis
422 1825 535 1885 adlatos
550 1842 606 1884 non
618 1825 681 1883 lere
695 1824 788 1899 litare,
805 1827 879 1884 sicut
893 1825 960 1902 [nec
971 1825 1171 1904 claudicante]

163 1925 219 1966 nec
234 1907 327 1967 aliena
345 1908 439 1968 hostia
455 1908 528 1967 deos
549 1909 676 1986 placari,
698 1926 754 1967 nec
768 1909 899 1968 trahente
922 1924 954 1966 se
977 1909 1013 1966 ab
1030 1913 1104 1970 aris.
1122 1909 1195 1969 usto

163 1991 304 2070 frequens
324 1993 351 2051 in
374 1992 514 2071 prodigiis
542 1994 703 2071 priscorum
723 1993 828 2052 bovem
852 1993 996 2068 locutum,
1025 2011 1087 2072 qno
1105 2013 1170 2053 nun·

162 2075 232 2134 tiatc
249 2085 378 2137 senatum
395 2078 448 2138 sub
465 2078 532 2138 divo
549 2077 649 2137 haberi
664 2078 790 2137 solitum.

121 2166 173 2222 184
242 2161 293 2223 46.
312 2163 397 2242 (71.)
426 2161 484 2221 Bos
499 2164 527 2221 in
552 2162 690 2240 Aegypto
715 2163 798 2220 etiam
822 2162 942 2220 numinis
962 2162 1028 2219 vice
1053 2163 1169 2222 colitur.

162 2245 247 2324 Apim
262 2256 377 2310 vocant.
409 2248 523 2324 insigne
541 2247 567 2304 ei
589 2247 618 2304 in
642 2246 746 2305 dextro
769 2244 862 2303 latere
885 2245 1042 2304 candicans
1057 2247 1170 2306 macula

158 2331 301 2390 cornibus
322 2331 407 2391 lunae
424 2349 561 2390 crescere
584 2329 763 2406 incipientis,
783 2328 875 2387 nodus
892 2328 945 2387 suh
968 2328 1067 2404 lingue
1084 2342 1193 2408 quens

114 2458 118 2464 .
164 2413 329 2473 cantharum
344 2415 504 2492 appellant.
526 2431 593 2472 non
609 2422 654 2472 est
669 2414 713 2472 fas
729 2430 793 2470 eum
812 2421 909 2472 certos
925 2413 1003 2471 vitae
1019 2415 1170 2474 excedere

163 2513 272 2571 annos,
296 2513 481 2573 mersumque
505 2499 532 2554 in
557 2495 741 2556 sacerdotum
768 2496 848 2556 fonte
874 2505 978 2556 nocant
1009 2499 1170 2574 quaesituri

163 2578 242 2637 luctu
266 2579 350 2638 alium
372 2597 458 2656 quem
481 2580 668 2656 substituant,
697 2589 726 2639 et
741 2579 836 2639 donec
858 2581 1021 2648 invenerint
1037 2589 1171 2642 maerent

164 2661 277 2721 derasis
299 2663 384 2721 etiarn
407 2663 560 2741 capitibus.
589 2681 645 2723 nec
665 2673 760 2724 tamen
783 2681 914 2742 umquem
938 2649 985 2723 diu
1008 2669 1169 2742 quaeritur.

120 2754 171 2809 185
181 2746 314 2804 inventus
330 2746 480 2806 deducitur
495 2746 649 2824 Memphim
667 2765 682 2808 a
699 2748 909 2808 sacerdotibus.
934 2737 1058 2808 delubra
1075 2751 1105 2808 ei
1121 2763 1192 2827 gem

161 2831 252 2905 mina,
278 2821 352 2907 quiae
376 2841 483 2892 vocant
504 2831 662 2907 thalamos,
680 2834 799 2909 auguria
820 2833 1004 2911 populorum.
1046 2833 1171 2893 alterum

162 2913 286 2975 intrasse
304 2914 410 2974 laetum
427 2925 482 2991 est,
498 2919 526 2975 in
543 2917 637 2976 altero
653 2917 713 2976 dira
730 2917 885 2995 portendit.
916 2933 1061 2994 responsa
1080 2919 1169 2996 privis

161 2999 210 3062 dat
224 3017 241 3058 e
256 3016 339 3059 manu
357 2999 566 3060 consulentium
584 3000 676 3059 cibum
695 3001 848 3078 capiendo.
873 2999 1036 3060 Germanici
1060 2999 1167 3062 Caesa-

161 3085 201 3144 ris
217 3101 329 3144 manum
344 3092 494 3142 aversatus
518 3094 563 3145 est
580 3085 646 3145 haut
659 3085 748 3145 multo
767 3095 871 3163 postea
887 3085 1033 3144 exstincti.
1066 3095 1167 3145 cetero

161 3177 305 3244 secretus,
322 3185 386 3227 curn
396 3185 429 3226 se
441 3170 584 3247 proripuit
598 3171 626 3227 in
640 3179 752 3244 coetus,
764 3169 873 3228 incedit
884 3169 1029 3242 submoto,
1042 3177 1191 3246 'greges-e

163 3269 219 3329 que
236 3259 391 3331 puerorum
408 3255 579 3312 comitantur
594 3271 710 3312 carmen
726 3253 829 3312 honori
849 3254 911 3312 eius
929 3255 1103 3312 canentium.
1126 3256 1164 3312 iu·

162 3335 307 3412 tellegere
328 3336 443 3396 videtur
459 3345 489 3396 et
510 3337 624 3396 adorari
646 3338 734 3397 velle.
767 3337 796 3396 hi
812 3355 921 3414 greges
950 3346 1074 3414 repente
1097 3335 1163 3412 lym·

119 3419 257 3497 186phati
272 3420 364 3481 lutura
379 3422 558 3500 praecinunt.
589 3421 765 3481 feminabus
787 3423 813 3479 ei
834 3421 924 3480 semel
947 3438 1021 3479 anno
1039 3423 1160 3480 ostendi·
