2444 3908
148 181 222 262 ,66
279 161 285 180 ’
377 247 387 262 ,
532 189 673 238 c.rn1n1
690 187 842 239 sacuam

180 347 308 408 muribus
323 347 431 422 maior,
448 345 511 406 sina
527 343 638 418 oculis,
655 346 718 402 sine
729 343 806 421 pilo,
824 359 938 420 unques
954 350 1076 402 tantum
1094 344 1194 421 promi

180 441 258 494 nent.
302 432 377 492 hanc
392 428 545 491 lambendo
562 428 699 508 paulatim
719 427 852 503 ligarent.
897 427 1139 505 necquicquam
1157 445 1192 486 ra

180 518 240 576 rins
256 534 341 594 mam
357 517 518 594 parientem
535 511 636 574 videre
652 529 758 572 ursam.
795 511 863 572 ideo
878 528 975 572 mares
992 512 1193 590 quadragenis

140 609 188 664 127
204 601 306 660 diebus
326 599 432 674 latent,
455 599 580 660 iemiuae
604 597 751 674 quaternis
770 594 928 656 mensibus.
963 613 1088 674 specus
1104 597 1128 656 si
1144 613 1193 656 uos

180 685 325 759 habuere,
349 701 493 745 ramorum
513 683 706 759 fruticumque
728 681 869 757 congerie
892 678 1054 742 aedificant
1077 684 1205 760 inpetres

178 769 289 829 trahilis
311 767 449 828 imbribus
472 766 611 844 mollique
634 765 737 826 fronde
758 773 933 826 constratos.
964 766 1077 843 primis
1095 767 1193 827 diebus

180 853 224 914 his
256 853 385 931 septenis
406 860 463 910 tam
485 853 567 927 gravi
590 867 691 911 somno
715 859 881 928 premantur
903 858 934 910 ut
954 867 993 908 ne
1015 851 1191 911 volneribus

180 937 295 1016 quidem
310 936 435 994 excitari
450 943 567 1012 queant.
611 943 678 995 mac
694 935 794 994 mirum
808 936 837 993 in
852 935 967 996 modum
982 945 1121 999 veterno
1138 938 1191 1015 pir

179 1028 331 1098 gnescnnt.
374 1019 418 1078 illi
433 1027 498 1078 sunt
513 1020 616 1097 adipes
630 1018 866 1080 medicaminibus
882 1021 941 1100 apti
957 1029 1134 1099 contraque
1149 1021 1190 1080 de

178 1104 295 1164 bavium
314 1103 414 1181 capilli
435 1112 564 1164 tenaces.
610 1103 646 1164 ab
663 1105 698 1162 iis
721 1102 824 1164 diebus
846 1104 975 1164 residunt
999 1122 1035 1164 ac
1062 1107 1210 1182 priorsus

178 1187 285 1266 pedmo
298 1197 390 1247 suctu
412 1190 521 1249 mvont.
556 1187 632 1247 istus
654 1189 776 1266 rigentis
798 1188 986 1266 adprimendo
1005 1191 1137 1266 pectori
1153 1189 1188 1249 io

137 1283 190 1338 128¹
197 1282 269 1332 rent·
280 1289 337 1333 non
354 1273 411 1332 alio
427 1272 554 1333 incubitu
570 1288 654 1350 quam
671 1272 707 1333 ed
724 1289 780 1332 ova
795 1271 944 1334 uolucres.
976 1275 1087 1334 mirum
1104 1275 1188 1346 diets,

56 1417 62 1425 ,
178 1357 271 1418 credit
285 1357 504 1434 Theophrastus
519 1375 573 1435 per
587 1355 663 1416 idem
680 1365 794 1436 tempus
805 1366 905 1418 coctas
919 1375 1037 1435 quoque
1051 1375 1188 1418 ursorum

178 1443 283 1518 carnis,
301 1442 542 1515 siadserventur‚
557 1442 733 1500 increscere.
761 1441 818 1501 cibi
830 1441 908 1504 nulla
920 1451 987 1502 tuac
999 1452 1187 1518 argumenta,

176 1543 232 1584 aec
249 1527 303 1585 uisi
319 1527 427 1585 umoris
442 1527 593 1585 minumum
608 1527 637 1584 in
654 1525 720 1584 alvo
735 1527 858 1586 inveniri
866 1526 1041 1602 ‚sanguinis
1059 1530 1206 1605 exiguusc

137 1619 187 1672 129
200 1611 277 1668 circa
293 1610 381 1670 corda
395 1617 502 1670 tantum
512 1619 620 1687 guttas,
632 1609 748 1710 reliquo
763 1612 882 1690 corpori
897 1610 989 1672 nihil'
981 1627 1097 1670 inesse.
1124 1627 1185 1690 pro

177 1693 285 1752 cedant
305 1711 393 1770 vere,
416 1694 470 1755 sed
493 1711 588 1754 mares
609 1697 837 1772 praepingues,
848 1696 928 1756 cuius
950 1695 995 1755 rei
1019 1711 1116 1755 causa
1135 1713 1187 1755 nos

177 1787 311 1856 prompta
334 1786 395 1853 est,
426 1780 536 1858 quippe
558 1795 595 1838 ne
617 1795 718 1838 somno
741 1779 856 1856 quidem
879 1780 1035 1857 saginatis,
1067 1789 1186 1857 praeter
1207 1757 1217 1864 ’1

141 1881 175 1917 m
188 1861 418 1938 quattuordecim
433 1861 514 1936 dies,
532 1872 562 1921 ut
577 1862 708 1922 diximus.
748 1874 890 1923 excuntes
905 1863 1025 1923 herbam
1042 1863 1187 1942 quandam
1215 1885 1217 1936 3

176 1963 255 2004 aram
271 1949 385 2006 nomine
408 1946 539 2006 laxandis
560 1947 702 2006 intestinis
717 1947 846 2026 alioquin
863 1947 1008 2008 concretis
1027 1947 1217 2020 devoranti}

175 2031 312 2109 cis-oeque
328 2032 462 2091 surculos
479 2031 605 2091 dentium
620 2031 808 2109 praedoceant
825 2049 953 2111 operam.
986 2031 1066 2091 oculi
1083 2050 1184 2092 eornss
1215 2033 1217 2094 f

176 2113 364 2192 hebetantur,
389 2133 445 2196 qua
467 2131 600 2175 maxume
616 2129 703 2175 causa
719 2115 804 2175 iavos
820 2125 962 2195 expetssnt
975 2125 1006 2174 ut
1021 2117 1183 2178 convolsae

134 2205 185 2261 130
195 2209 286 2260 ratum
304 2201 340 2261 ab
358 2200 460 2281 apibus
477 2218 510 2260 os
525 2201 606 2261 levet
622 2202 763 2276 sangnine
777 2201 963 2277 gravedinem
980 2199 1068 2260 illam.
1104 2200 1182 2264 lors-

174 2283 341 2346 lidissimum
358 2304 425 2346 urso
442 2294 538 2364 caput,
554 2285 632 2364 quod
649 2283 726 2342 leoni
743 2284 939 2345 fortissimum.
976 2284 1043 2344 ideo
1058 2295 1183 2362 urgente

172 2370 201 2426 vi
215 2373 433 2448 praecipitaturi
448 2389 481 2429 se
499 2389 535 2429 ex
551 2371 647 2447 aliqua
660 2385 733 2446 rupe
749 2368 878 2432 manibus
894 2385 931 2428 eo
949 2377 1056 2446 operto
1072 2371 1204 2430 taetro-s

172 2459 229 2525 tur,
245 2470 279 2511 ac
295 2471 389 2532 saepe
403 2457 431 2512 in
446 2454 554 2513 harena
568 2452 694 2530 colapho
711 2453 835 2512 infracto
853 2455 1059 2514 exanimantur.
1091 2465 1182 2514 'cere

173 2533 227 2591 hro
250 2535 420 2596 veneficium
443 2537 541 2596 inesse
565 2535 880 2614 Hispaniaerorscuru,
904 2539 1137 2616 occisorumque
1159 2541 1182 2596 ic

173 2619 351 2693 spectaculis
368 2623 463 2698 capita
478 2629 608 2680 cremant
629 2629 754 2696 testato,
777 2625 911 2699 quoniam
934 2631 1033 2701 potum
1059 2624 1086 2680 'a
1113 2623 1181 2682 ursi·

131 2710 182 2765 131
195 2717 259 2759 narn
275 2701 384 2762 rabiem
401 2713 476 2782 agat.
500 2703 704 2780 Ingredientur
719 2715 748 2765 ct
762 2705 895 2784 bipedes.
931 2641 1071 2766 arbore*
1084 2707 1182 2766 aversi

173 2785 326 2862 derepunt.
355 2796 454 2848 tauros
479 2807 515 2851 ex
538 2805 591 2848 ore
615 2788 810 2868 cornibusque
833 2805 932 2851 sorum
948 2789 1084 2857 omnibus
1101 2791 1205 2870 peti-⁸·

172 2870 226 2929 bus
249 2874 385 2948 suspensi
406 2873 537 2952 pondere
563 2873 692 2950 fatigant.
729 2891 786 2934 noc
801 2875 885 2935 alteri
902 2875 1065 2935 animalium
1082 2878 1111 2934 in
1127 2893 1180 2935 ma·

172 2955 269 3016 leiicio
290 2953 413 3017 stultitia
431 2957 590 3019 sollertior.
635 2955 794 3019 Annalibus
813 2969 940 3019 notatum
956 2967 1002 3018 est
1017 2958 1056 3019 lt.
1075 2959 1179 3020 Pisone

170 3038 207 3099 hl.
230 3039 356 3100 Messala
380 3059 457 3100 coss.
479 3058 504 3102 a.
529 3043 556 3102 d.
579 3055 669 3102 xs111.
692 3041 832 3103 kalendas
862 3042 998 3105 Octobris
1024 3041 1179 3106 Domitium

170 3124 395 3186 Ahenobarbum
419 3125 542 3186 aedilem
565 3126 693 3186 curulem
713 3125 989 3190 ursosNumidicos
1013 3139 1131 3190 centum
1154 3136 1179 3188 ct

171 3210 291 3269 totidem
318 3219 476 3271 venatores
498 3211 693 3289 Aethiopas
685 3230 712 3269 ιιι
737 3213 816 3272 circo
840 3212 967 3272 dedisse.
1013 3215 1106 3272 miror
1135 3213 1203 3273 asi-³⁵

171 3293 277 3354 lectum
302 3293 470 3356 Numidicos
499 3295 609 3372 fuisse
645 3313 708 3354 cum
731 3295 771 3404 in
780 3296 881 3356 Africa
898 3312 996 3356 ursum
1019 3311 1079 3356 non
1102 3295 1178 3374 gigni

172 3388 294 3437 constet

129 3467 180 3523 132
255 3462 304 3522 37.
329 3441 412 3543 155.)
436 3420 603 3526 Condantur
619 3465 713 3522 hieme
730 3419 1015 3540 susurrationes,
1032 3467 1175 3526 domarat
