2444 3908
155 207 216 270 134
512 218 541 266 c.
558 217 820 266 rn11r1sncnrrn1

152 379 323 442 fruticumve
341 375 383 438 sic
399 383 428 436 et
442 373 612 434 animalium.
648 390 706 432 non
728 374 808 434 nasci
828 373 1020 450 tralaticium,
1046 375 1158 434 inrecta

154 465 245 523 emori
260 463 368 521 mirum.
401 459 479 538 quod
496 458 567 518 illud
591 465 635 518 est
657 455 739 536 unius
761 459 878 534 generis
896 459 980 518 saluti
995 458 1158 534 adversum,

155 565 268 626 quaere
284 547 339 606 ista
355 554 473 606 naturae
490 541 605 618 invidia,
621 551 668 602 ant
681 541 730 620 qni
744 549 885 602 terrarum
900 542 969 602 dicti
985 541 1088 602 aribus
1103 551 1157 600 ter·
1191 553 1194 566 ·

112 629 239 693 limini?
269 627 391 690 Rhodos
414 625 538 705 aquilam
553 644 610 685 non
634 625 732 686 habet.
766 625 970 705 Transpadana
985 625 1069 688 ltalia
1085 627 1159 686 iuxta

153 715 238 794 Alpis
253 713 366 774 larium
383 713 477 772 lacum
494 710 624 789 appellat
636 709 787 770 amoenum
802 711 919 770 arbusto
932 727 1005 789 agro
1023 711 1060 770 ad
1077 724 1181 788 quens

153 800 284 860 ciconiae
302 814 360 856 non
375 803 536 874 permeant,
553 796 636 855 sicuti
659 813 714 856 nec
731 804 866 856 octavom
888 796 960 856 citra
980 793 1109 873 lapidem
1125 793 1157 854 ab

153 901 199 943 ec.
233 884 361 942 inmensa
377 879 485 958 alioqui
501 879 618 939 finitimo
636 877 798 940 Insubrium
820 888 914 940 tractu
938 879 1072 940 examina
1095 895 1157 956 gra·

153 968 283 1030 culorum
299 962 517 1024 monedularum
539 965 584 1023 cui
609 963 665 1023 soli
679 965 726 1023 avi
746 963 883 1024 furacitas
905 965 1018 1040 argenti
1039 962 1158 1040 aurique

152 1050 312 1128 praecipue
327 1049 397 1114 mira
413 1056 468 1107 est.
504 1049 586 1126 picus
601 1046 719 1117 lilartius
734 1048 763 1106 in
778 1046 933 1108 Tarentino
950 1064 1022 1124 agro
1038 1041 1159 1124 negatur

110 1141 233 1198 tsesse.
258 1149 357 1210 nuper
378 1141 408 1192 et
429 1131 522 1192 adlruc
543 1141 639 1194 tamen
660 1150 724 1194 rara
748 1131 784 1194 ab
808 1131 981 1210 Appennino
1002 1131 1039 1191 nd
1061 1131 1187 1192 urbemn

151 1234 255 1279 versus
279 1217 360 1276 cerni
388 1234 518 1294 coepere
543 1217 671 1296 picarum
696 1233 806 1294 genera
828 1234 901 1294 qnae
922 1217 1009 1292 longa
1033 1216 1159 1292 insignes

155 1301 246 1362 cauda
263 1303 362 1362 variae
377 1301 570 1380 appellantur.
604 1303 753 1379 proprium
773 1299 819 1363 his
839 1300 1012 1361 calvescere
1030 1299 1160 1360 omnibns

152 1387 248 1463 aunis,
265 1405 330 1447 curn
345 1396 477 1446 serantur
491 1404 571 1465 rapa.
596 1384 733 1463 perdices
754 1401 811 1444 non
828 1385 1007 1445 transvolant
1021 1384 1160 1444 Boeotiae
1219 1381 1220 1384 ’

152 1475 215 1536 linis
234 1473 262 1532 in
277 1471 385 1546 Attica,
405 1489 461 1532 nec
476 1470 537 1530 nlla
555 1470 617 1530 avis
633 1471 661 1530 in
672 1469 767 1528 Ponto
781 1470 874 1529 insula
890 1487 946 1548 qua
967 1469 1102 1547 sepultus
1119 1474 1161 1527 est

153 1557 286 1618 Achilles
310 1564 453 1615 sacratam
474 1555 501 1613 ei
524 1553 636 1614 aedem.
664 1554 692 1612 in
709 1551 849 1614 Fidenate
870 1571 942 1631 agro
962 1554 1042 1614 iuxta
1060 1549 1187 1613 urllernlt

154 1641 286 1699 ciconiae
308 1655 364 1697 nec
386 1637 484 1717 pullos
505 1655 561 1698 nec
582 1637 678 1696 nidum
698 1638 817 1697 faciunt.
854 1647 883 1698 at
898 1639 926 1697 in
952 1655 1054 1714 agrum
1074 1635 1159 1697 Vola·

110 1733 145 1790 79
155 1733 299 1784 terrenum
315 1721 488 1799 palumbium
503 1723 547 1780 vis
564 1740 580 1781 e
595 1719 835 1800 mari‘qnotannis
850 1721 977 1784 advolat.
1008 1719 1122 1782 Rornae
1136 1723 1162 1780 in

153 1807 255 1868 aedem
272 1803 407 1865 Herculis
422 1806 450 1864 in
463 1804 529 1866 foro
544 1805 650 1866 Boario
667 1824 722 1866 nec
736 1823 855 1868 muscae
871 1825 927 1866 nec
943 1823 1031 1866 canes
1048 1808 1160 1866 intrant.

152 1891 240 1950 multa
259 1897 414 1969 praeterea
431 1888 550 1965 similia,
574 1909 648 1969 qrrae
664 1891 791 1970 pmdens
811 1890 932 1952 subinde
950 1891 1049 1950 omitto
1061 1892 1093 1950 in
1109 1891 1160 1950 sin·
1177 1945 1184 1952 .

153 1974 229 2052 gulis
246 1972 422 2051 generibus,
443 1973 558 2034 fastidio
576 1993 713 2053 parcens,
736 1978 845 2055 quippe
864 1994 927 2036 curn
945 1973 1189 2054 theophrastus

152 2059 246 2118 tradat
262 2059 433 2118 invecticias
448 2076 516 2118 esse
538 2061 567 2118 in
589 2059 659 2120 Asia
680 2059 830 2120 columbas
854 2070 883 2120 et
902 2077 1033 2139 pavones
1050 2071 1083 2120 et
1099 2077 1160 2119 cor·

151 2159 206 2204 vcs
221 2152 251 2202 et
266 2145 296 2202 in
312 2140 475 2218 Cyrenaica
489 2144 603 2204 vocalis
618 2162 713 2204 ranas.
809 2206 811 2210 ,

109 2236 145 2290 80
220 2226 303 2308 (42.)
327 2227 393 2289 Alia
409 2229 558 2290 admiratio
577 2229 654 2289 circa
670 2229 796 2288 oscines.
826 2230 890 2290 fere
906 2237 1014 2289 mutant
1031 2228 1163 2288 colorem

151 2331 316 2391 vocemque
327 2322 461 2392 tempore
474 2314 548 2388 anni,
565 2332 599 2373 ac
614 2322 737 2392 repente
751 2313 820 2374 liunt
836 2313 922 2388 aliae,
940 2311 1019 2392 quod
1037 2315 1066 2372 in
1078 2331 1162 2390 grau·

153 2396 236 2457 dicre
262 2397 359 2457 alitum
381 2415 491 2474 genere
512 2416 602 2474 grues
622 2406 739 2458 tantum.
770 2397 825 2458 hae
849 2399 924 2457 enim
947 2406 1102 2457 senectute
1121 2397 1191 2455 ni-rr

151 2489 301 2555 grescunt.
334 2482 444 2540 merula
462 2499 500 2539 ex
515 2482 597 2557 nigra
612 2482 744 2558 rufescit,
763 2483 839 2542 canit
853 2489 977 2558 aestate,
990 2479 1088 2541 hienae
1103 2479 1164 2542 bal·

152 2561 235 2636 butit,
251 2563 329 2622 circa
346 2563 498 2623 solstitium
514 2575 599 2625 muta.
625 2573 750 2625 rostrum
763 2583 880 2644 qnoque
893 2565 1034 2629 anniculis
1046 2566 1076 2624 in
1093 2565 1165 2625 ebur

151 2645 387 2722 transfiguratur,
410 2647 555 2708 dumtaxat
574 2648 710 2710 maribus.
741 2651 833 2711 turdis
850 2649 933 2710 color
955 2659 1068 2710 aestate
1087 2651 1165 2710 circa

111 2781 124 2800 ,
153 2729 300 2810 cerv'cpm
314 2730 423 2806 varius,
442 2731 537 2791 lrieme
554 2733 704 2794 concolor.

8 2826 24 2839 ”
109 2747 303 2895 ¹8⁸1⁴‘'t,‘'2113.)
325 2813 467 2894 lusciniis
490 2815 593 2878 diebus
616 2835 651 2877 ac
674 2819 807 2882 noctibus
825 2819 967 2880 continuis
996 2818 1194 2897 quindecima

151 2895 287 2974 garrulus
299 2898 362 2956 sine
375 2899 537 2960 intermissu
551 2911 651 2962 cantus
665 2901 806 2964 densante
817 2921 850 2964 se
863 2903 1007 2964 frondium
1018 2903 1164 2980 germine,

151 2999 209 3042 non
224 2984 253 3041 in
268 2982 454 3045 novissimum
473 2985 559 3064 digna
579 2988 681 3047 miratu
698 3006 762 3048 ave.
796 2989 916 3066 primunr
935 2996 1014 3048 tanta
1030 3004 1093 3046 vox
1109 2995 1165 3046 tam

151 3084 243 3145 parvo
266 3069 294 3127 in
314 3068 510 3148 corpusculo,
532 3080 589 3130 tam
609 3074 743 3149 pertinax
769 3073 898 3151 spiritus.
933 3071 1040 3133 deinde
1057 3072 1089 3130 in
1110 3085 1166 3130 una

152 3152 285 3228 perlecta
309 3154 419 3212 musica
443 3153 565 3216 scientia
586 3155 750 3216 modulatus
776 3156 871 3215 editur
897 3173 1003 3229 sonus,
1032 3164 1061 3214 et
1089 3169 1166 3214 nnnc

59 3302 72 3326 p,
82 3243 122 3307 ‚jt
153 3237 288 3297 continno
303 3237 404 3317 spiritu
415 3237 537 3298 trahitur
550 3240 578 3298 in
590 3231 718 3318 longurn‘,
732 3257 807 3300 nunc
819 3241 947 3300 variatur
956 3239 1077 3314 inflexo,
1089 3254 1196 3302 nuncsi

17 3332 26 3364 t
47 3325 51 3340 ¹
89 3316 332 3398 .nndistinguitur
348 3322 480 3410 conciso,
508 3323 661 3401 copulatur
675 3325 795 3400 intorto,
819 3324 994 3402 promittitur
1008 3331 1164 3396 revocato,

46 3433 49 3444 ·
151 3399 310 3465 infuscatur
327 3425 366 3466 ex
387 3408 555 3487 inopinato,
579 3408 720 3469 interdum
741 3417 770 3468 et
793 3425 893 3468 secum
912 3408 977 3488 ipse
993 3413 1164 3480 murmumt,

152 3481 266 3562 plenus,
286 3492 394 3571 gravis,
411 3502 529 3573 acutus,
554 3493 671 3569 creber,
687 3501 832 3554 extentus.
863 3492 1026 3554 nbi-visum
1045 3499 1105 3568 est,
1121 3490 1164 3550 ri-
