2444 3908
307 158 387 205 nno.
403 159 494 206 urar.
510 158 598 206 uun.
614 155 742 232 56-62.
753 146 907 228 (an-ea.)
1047 151 1105 212 119

104 317 234 396 piscator
255 315 388 392 enavigat
417 323 499 374 certo
531 315 624 391 spatio
644 319 802 392 escamque
822 317 937 393 proicit.
970 319 1107 398 quidquid

103 421 145 460 ex
161 412 198 458 'eo
215 401 333 458 mittitur
351 408 489 478 suspecta
507 399 584 458 ireos
601 399 729 476 praedae
747 409 807 474 est,
836 418 1012 480 cavensque,
1030 404 1107 482 quod

104 486 212 558 timuit,
236 502 299 542 curn
321 483 349 544 id
369 501 461 562 saepe
477 483 660 558 factumest,
683 501 754 542 unus
778 485 931 563 aliquando
954 497 1105 548 consuetu·
1179 491 1181 495 ‘

105 569 173 628 dine
189 569 322 628 invitatus
341 568 451 628 anthias
467 585 565 628 escam
583 567 701 644 adpetit.
735 577 849 629 notatur
862 570 909 630 bic
932 570 1089 632 intentione
1099 580 1148 635 181

75 653 236 730 sdiligenti
255 661 295 710 ¹ut
330 663 433 712 auctor
466 652 533 730 spei
562 651 790 730 conciliatorque
825 664 971 732 capturae.
1011 673 1107 733 neque

103 746 150 796 est
171 737 307 811 dilllcilc,
336 755 399 796 cum
415 754 474 815 per
494 737 605 815 aliquot
632 736 694 795 dies
717 737 799 796 solus
820 738 964 798 accedere
991 739 1105 800 audeat.

101 821 217 881 tandem
234 829 263 880 ct
285 821 398 899 aliquos
422 823 544 895 invenlt,
563 821 756 900 paulatimque
777 824 940 883 comitatior
959 832 1107 902 postremo

102 923 212 982 greges
240 905 356 965 adducit
375 906 555 980 innumeros,
582 907 635 965 iam
657 908 859 966 vetustissimis
877 905 1038 986 quibusque
1059 907 1107 966 ad·

75 1047 78 1050 .
105 992 196 1047 suetis
224 991 400 1068 piscatorem
422 1007 586 1065 agnoscere
613 999 774 1050 ete‘mauu
792 991 886 1051 cibum
901 1009 1017 1070 rapere.
1049 1001 1108 1052 tum

64 1091 93 1134 rc
108 1073 160 1133 ille
175 1073 289 1150 paulum
304 1073 377 1132 ultra
395 1073 501 1150 digito's
516 1076 544 1132 in
560 1091 629 1132 esca
642 1074 782 1134 iaculatus
795 1075 907 1135 hamum
922 1076 1052 1154 singulos
1067 1077 1107 1134 in-

103 1158 186 1216 volat
208 1159 305 1216 verius
327 1174 411 1235 quam
435 1161 522 1237 capit,
552 1158 588 1216 ab
610 1157 709 1217 umbra
732 1159 813 1218 navis
834 1158 917 1219 brevi
939 1170 1043 1220 conatu
1063 1179 1107 1219 ra·
1201 1235 1203 1240 Ι

103 1244 189 1320 piens
205 1243 243 1300 ita
263 1260 299 1300 ne
316 1244 407 1301 ceteri
424 1244 558 1317 sentiant,
586 1242 642 1300 alic
660 1243 734 1300 intus
752 1244 918 1320 excipiente
937 1243 1108 1303 centonibus
1201 1241 1203 1249 ⁴

102 1333 233 1404 raptum,
256 1344 291 1385 ne
309 1326 461 1404 palpitatio
487 1326 545 1386 ulla
562 1335 608 1385 aut
626 1343 715 1393 sonus
731 1335 847 1385 ceteros
866 1327 971 1404 abigat.
994 1328 1149 1390 conci-182

104 1410 239 1470 liatorem
255 1427 342 1468 nosse
358 1411 465 1469 adhoc
481 1410 612 1489 prodest,
634 1429 670 1468 ne
689 1411 829 1486 capiatur,
846 1410 972 1488 fugituro
995 1412 1023 1469 in
1038 1411 1106 1470 reli·

63 1509 94 1550 1a
104 1511 192 1572 quom
215 1512 318 1571 grege.
347 1494 443 1554 lerunt
461 1495 625 1554 discordem
650 1495 761 1553 socium
778 1495 845 1554 duci
864 1495 1026 1555 insidiatum
1045 1494 1107 1574 pul·

103 1579 175 1638 chre
196 1588 265 1640 noto
289 1580 406 1657 cepisse
428 1580 558 1638 malefica
579 1579 727 1638 voluntate
755 1579 881 1656 agnitum
899 1581 926 1638 in
954 1579 1109 1639 macellca
1134 1607 1136 1611 ·

100 1664 187 1722 socio
204 1664 285 1722 cuius
304 1664 405 1723 iniuria
420 1673 482 1722 erat
501 1672 530 1722 et
544 1663 638 1723 damni
655 1663 806 1722 formulam
819 1664 922 1724 editam
935 1665 1106 1725 condemua-

99 1757 219 1825 tumque
232 1747 457 1811 additlllutianus
468 1757 626 1808 aestumata
634 1747 694 1808 lite.
713 1747 802 1808 Iidem
810 1748 934 1823 anthiae,
949 1766 1109 1808 cumanum

98 1831 185 1890 hamc
202 1833 295 1892 teneri
315 1832 454 1908 viderint,
476 1833 566 1910 spinis
588 1849 658 1910 quas
680 1834 707 1908 in
730 1832 818 1892 dorso
847 1842 973 1892 serratas
1002 1833 1109 1893 babent

58 1925 88 1968 Μ
99 1916 198 1976 liniam
208 1934 312 1976 secare
325 1917 472 1976 traduntur
490 1935 526 1978 eo
544 1919 592 1994 qui
606 1925 738 1977 teneatur
751 1919 926 1978 extendente
939 1927 969 1976 ut
979 1917 1109 1996 praecidi

97 2002 204 2079 possit.
228 2010 257 2060 at
267 2001 342 2060 inter
353 2018 458 2077 sargos
469 2002 533 2080 ipse
546 2003 593 2080 qui
606 2001 914 2080 teneturadscopulos
926 2002 1020 2061 liniam
1032 2004 1107 2061 terit.

164 2085 214 2145 60.
238 2084 324 2164 (86.)
346 2085 467 2144 Praeter
482 2085 556 2145 baec
571 2086 669 2145 claros
691 2085 833 2163 sapientia
855 2094 991 2144 auctores
1005 2087 1150 2149 vide0183

95 2169 196 2228 mirari
219 2169 332 2228 stellam
354 2170 483 2229 inmari.
517 2187 550 2229 ea
565 2169 657 2245 ligura
675 2171 730 2244 est,
756 2183 846 2246 parva
869 2167 1020 2228 admodum
1038 2187 1107 2230 carc

20 2249 24 2255 ’
95 2255 185 2326 intus,
209 2263 290 2312 extra
315 2254 431 2313 duriore
455 2253 541 2312 callo.
575 2253 641 2312 huic
662 2263 718 2312 tam
740 2253 856 2328 igneum
874 2252 1022 2311 fervorem
1040 2271 1107 2312 csse

56 2345 85 2386 ¹⁵
96 2337 218 2398 tradunt
234 2345 265 2396 ut
281 2339 375 2396 omnia
390 2339 504 2396 inmari
523 2344 657 2396 contacta
673 2337 791 2412 adurat,
807 2350 920 2394 omnem
937 2335 1032 2395 cibum
1049 2345 1107 2396 sta·
1179 2373 1181 2376 -

95 2423 148 2480 tim
165 2429 296 2498 peragat.
321 2421 432 2502 quibus
446 2423 483 2480 sit
498 2422 555 2480 hcc
572 2423 717 2498 cognitum
739 2420 946 2499 experimentis
972 2421 1044 2482 ¹ba'ut
1066 2419 1107 2480 la·

96 2505 157 2564 cile
173 2504 307 2580 dixerim,
338 2505 488 2584 multoque
505 2506 724 2566 memorabilius
737 2505 858 2565 dixerim
873 2505 1000 2566 id‘cuius
1017 2523 1106 2584 expe·

94 2589 192 2650 riendi
209 2589 315 2648 cotidie
331 2591 450 2650 occasio
469 2600 522 2650 est.

163 2672 214 2732 61.
230 2673 314 2752 (87.)
341 2673 522 2734 Goncbarum
541 2693 680 2752 egenere
698 2684 763 2735 sunt
778 2675 884 2748 dactyli
901 2674 937 2734 ab
954 2673 1150 2738 humano-184

55 2771 160 2816 acrum
189 2761 325 2836 unguium
347 2759 530 2819 similitudine
557 2761 708 2839 appellati.
737 2759 782 2818 his
801 2769 903 2819 ‘natura
931 2758 1108 2819 intenebris

94 2849 214 2900 remoto
235 2843 340 2907 lumine
362 2843 419 2902 alio
438 2843 553 2920 lulgere
571 2845 670 2919 claro,
694 2853 723 2902 et
746 2843 960 2920 quantomagis
978 2859 1108 2901 umorem

93 2925 224 2986 babeant
240 2925 342 2986 lucere
364 2929 393 2986 in
409 2944 462 2986 ore
478 2929 687 3004 mandentium,
711 2927 812 2987 lucere
829 2929 858 2985 in
877 2927 1007 2987 manibus
1021 2935 1108 3004 atque

94 3010 184 3070 etiam
206 3012 235 3068 in
262 3011 326 3071 solo
352 3029 387 3071 ac
411 3021 494 3071 veste
521 3012 723 3073 decidentibus
743 3013 848 3089 guttis,
876 3021 906 3070 ut
929 3009 1032 3089 procul
1058 3010 1107 3070 du·

76 3094 144 3154 -bio
158 3103 257 3172 pateat
273 3096 336 3156 suci
353 3096 430 3155 illam
446 3105 575 3156 naturam
600 3115 667 3157 esse
685 3113 768 3174 quam
791 3099 959 3156 miraremur
979 3095 1064 3153 etiam
1080 3093 1108 3150 in

54 3189 238 3258 ascorpcre.
468 3224 471 3230 .
728 3207 730 3210 ·

160 3261 211 3324 62.
230 3262 314 3342 (88.)
339 3265 410 3324 Sunt
427 3275 456 3324 et
475 3265 681 3325 inimicitiarum
699 3274 786 3343 atque
810 3263 986 3323 concordiae
1004 3261 1149 3324 mira-185

92 3348 180 3408 cula-
210 3344 299 3424 biugil
319 3357 348 3408 et
360 3348 449 3428 lupus
465 3359 562 3408 mutuo
579 3349 647 3410 odio
664 3349 797 3426 llagrant,
817 3354 972 3424 congeret
989 3363 1107 3404 murena

91 3432 218 3494 caudam
239 3433 314 3492 inter
336 3451 368 3492 se
391 3434 613 3512 pcaeredentes.
644 3433 784 3512 polqp'nm
806 3433 834 3490 in
859 3439 968 3490 tantum
992 3430 1106 3490 locusta
1188 3443 1191 3450 ·
