2444 3908
242 169 682 247 nar.n1su.v1111.ea.(ett.)
700 203 740 214 -
755 184 787 229 x.
805 180 830 233 3.
849 172 907 250 (e.)
1014 173 1081 232 121·
1177 257 1179 264 γ

77 335 136 396 lius
149 341 267 394 ,senator
283 332 334 402 ille
348 335 486 394 maxumis
501 333 605 394 nobilis
621 327 759 396 doclrinis
775 336 899 396 doctore
915 338 1009 413 nullo:
1024 359 1074 400 na·

75 420 184 478 minem
205 418 351 479 exstitisse
373 419 420 495 qui
447 418 551 478 viderit
570 427 754 493 vescentem,
780 437 894 480 sacrum
917 424 944 480 in
966 422 1074 484 Arabia

77 502 144 564 Soli
159 519 237 575 esse,
255 502 353 560 vivere
369 502 449 562 annis
463 515 545 576 mxu,
562 512 762 563 senescentem
777 505 854 564 casia
868 507 997 583 turisque
1014 527 1075 567 sur·

77 585 153 645 culis
171 592 340 644 construere
356 585 461 658 nidum,
484 586 600 663 replere
619 586 757 646 odoribus
773 597 802 646 et
816 593 1007 666 superemori.
1037 610 1077 650 ex

51 667 196 735 sessibus
212 668 316 728 deinde
334 679 364 728 et
376 668 510 730 medullis
526 672 587 730 eius
603 672 683 730 nasci
698 673 791 748 prime
807 689 861 732 eeu
877 675 1073 749 vermiculum,
1172 675 1177 686 “

75 753 146 828 inde
159 753 223 811 lieri
240 752 358 830 pullum,
377 754 579 832 principioque
594 756 666 814 iusta
683 755 783 814 lunera
800 757 889 833 priori
905 757 1030 817 reddere
1046 767 1075 816 ct

75 846 169 899 toturn
191 836 308 896 deierre
330 837 424 896 nidum
440 855 533 914 prope
549 837 718 901 l’ancbaiam
739 841 767 898 in
789 840 867 900 Solis
888 839 988 900 urbem
1003 850 1032 900 et
1047 842 1076 900 in

77 938 129 980 ara
147 920 185 978 ibi
201 920 359 997 deponere.
391 918 461 980 (lum
473 921 555 982 buius
570 922 645 995 alitis
662 926 720 982 vita
737 924 831 999 magni
853 927 1101 986 conversionem5

76 1005 145 1064 anni
157 1003 220 1062 lieri
229 1005 325 1082 prodit
337 1004 412 1064 idern
427 1003 576 1080 Mamilius,
589 1008 748 1085 iterumque
764 1008 990 1083 significationes
1004 997 1074 1068 tem*-

38 1114 66 1154 ιο
77 1096 225 1167 pestatum
241 1097 269 1147 et
291 1088 415 1148 siderum
433 1089 550 1148 casdem
566 1093 688 1164 reverti,
716 1091 773 1150 boc
788 1102 883 1151 autem
898 1094 975 1153 circe
991 1095 1074 1152 meri·

76 1173 301 1250 diemincipere
318 1189 374 1250 quc
391 1172 438 1231 die
455 1175 564 1250 signum
580 1177 676 1234 arietis
693 1174 738 1233 sol
754 1176 919 1250 intraverit,
940 1184 969 1235 et
984 1177 1076 1236 luisse

76 1257 142 1316 eius
158 1257 357 1316 conversionis
374 1273 475 1316 annum
491 1257 632 1334 prodente
649 1275 681 1316 se
696 1257 726 1315 P.
742 1256 850 1318 Licinio
867 1257 918 1316 Cn.
937 1259 1075 1319 Cornelio

77 1338 249 1400 consulibus
265 1340 490 1400 ducentesimum
518 1343 644 1418 quintum
660 1342 819 1401 decumum.
850 1339 1003 1402 Cornelius
1018 1343 1075 1401 Va·

76 1425 207 1484 lerianus
225 1423 398 1502 phoenicem
413 1424 598 1485 devolavisse
611 1428 640 1483 in
655 1425 821 1502 Aegyptum
839 1425 923 1485 tradit
939 1426 974 1499 Q.
992 1427 1074 1485 Plau·

38 1523 65 1562 ιι
76 1508 120 1567 tio
138 1507 207 1566 Sex.
225 1505 343 1585 Papinio
361 1507 538 1568 consulibus.
569 1508 679 1568 adlatus
693 1518 739 1568 est
756 1517 785 1567 et
805 1511 832 1568 in
853 1505 953 1569 urbein
975 1507 1076 1570 Claudi

74 1592 218 1671 principis
231 1608 364 1666 censura,
375 1607 449 1650 anno
462 1591 542 1651 urbis
553 1605 664 1666 Doce,
678 1601 706 1650 et
722 1593 750 1650 in
767 1594 882 1654 comitio
896 1597 1075 1672 propositas,

75 1675 157 1754 quod
169 1675 242 1736 actis
251 1684 384 1735 testatum
396 1683 451 1749 cst,
465 1675 518 1734 sed
530 1693 615 1754 quem
629 1676 813 1736 lalsumvesse
824 1693 908 1736 nenne
921 1677 1074 1736 dubitaret.

142 1759 171 1819 3.
197 1757 259 1836 (3.)
283 1757 328 1818 Ex
353 1758 397 1818 bis
415 1777 485 1836 quas
507 1761 636 1822 novimus
658 1760 773 1838 aquilae
797 1779 943 1821 maxumus
966 1762 1103 1836 bonoso

73 1860 209 1902 maxuma
229 1851 258 1900 et
285 1842 338 1902 vis.
373 1859 426 1902 sex
447 1861 544 1903 earum
565 1863 688 1920 genera:
720 1845 899 1906 melanaetos
919 1865 934 1906 a
958 1845 1077 1906 Graecis

34 1928 157 1988 ²⁰dicta
181 1925 338 2006 eademque
360 1926 484 2002 valeria,
501 1928 621 1993 minuma
642 1930 845 2006 magnitudine,
867 1930 976 1990 viribus
992 1948 1076 2008 prae·

74 2009 183 2088 cipua,
208 2010 309 2069 colore
326 2010 482 2086 nigricans.
511 2013 576 2072 sola
595 2014 752 2090 aquilarum
773 2013 849 2074 letus
864 2031 934 2074 snos
951 2014 1011 2088 alit,
1029 2031 1076 2070 ce-

73 2106 171 2168 terae,
187 2104 218 2153 ut
234 2093 373 2168 dicemus,
389 2094 498 2171 lugunt.
518 2097 581 2156 sola
595 2099 658 2154 sine
677 2096 828 2170 clangore,
844 2098 1076 2166 sinemurmnra·
1087 2114 1109 2148 ιι

72 2183 167 2239 tione.
192 2187 379 2238 conversatur
391 2188 485 2238 autent
495 2180 523 2239 in
534 2179 686 2238 montibus.
703 2179 822 2262 secundi
837 2181 956 2255 generis
971 2186 1104 2255 puger-i

72 2281 133 2342 gus
152 2263 180 2320 in
198 2262 312 2340 oppidis
327 2263 458 2320 mansitat
473 2271 502 2320 et
519 2265 548 2320 in
564 2263 687 2340 campis,
710 2261 854 2322 albicante
871 2260 970 2322 cauda.
1000 2261 1077 2320 tertii

35 2356 62 2396 ²⁵
72 2345 249 2424 morpbnos,
268 2364 354 2423 quam
367 2343 510 2404 llomerus
528 2355 558 2408 et
580 2362 715 2424 percnum
730 2353 827 2420 vocat,
850 2345 938 2422 aliqui
954 2354 983 2402 ct
996 2343 1077 2420 plan-

72 2448 146 2510 gum
163 2439 192 2490 et
207 2429 517 2505 materiamsccunda
532 2427 724 2507 magnitudine
743 2438 772 2488 et
785 2429 825 2486 vi.
846 2428 912 2489 buic
926 2429 984 2487 vita
1000 2429 1077 2486 circa

73 2518 170 2578 laeua.
202 2511 367 2574 Phemonoe
389 2513 536 2592 Apollinis
560 2514 635 2574 dicta
658 2513 716 2573 lilia
738 2513 831 2574 dentis
853 2514 882 2572 ei
897 2530 965 2572 esse
981 2511 1078 2590 prodi-

1 2608 2 2612 ’
73 2599 119 2660 dit
133 2606 228 2658 mutae
246 2598 317 2658 alias
334 2599 500 2676 carentique
522 2599 629 2675 lingua.
663 2597 783 2658 eandem
805 2597 962 2674 aquilarum
983 2597 1078 2673 niger

72 2686 189 2756 rimam,
210 2683 435 2759 prominentiore
458 2683 558 2742 caude.
588 2682 731 2742 consentit
752 2691 781 2740 et
799 2679 905 2742 Boeus.
935 2681 1080 2757 ingenium

36 2775 126 2827 aoest
148 2767 177 2824 ei
199 2766 358 2826 testudines
377 2774 475 2843 raptas
495 2766 631 2843 frangere
652 2785 669 2824 e
692 2765 805 2824 sublimi
830 2764 978 2839 iaciendo,
1006 2781 1079 2841 quae

73 2867 145 2914 sors
161 2851 306 2910 interemit
322 2858 438 2928 poetam
452 2848 630 2925 Aeschylum
642 2849 817 2927 praedictam
833 2847 911 2923 latis,
928 2857 958 2906 ut
972 2848 1078 2920 lerunt,

74 2937 143 2994 eius
161 2933 219 2994 diei
236 2935 344 2993 ruinam
357 2929 461 2994 s'ecura
478 2935 552 2996 caeli
568 2933 623 2993 lide
639 2942 798 2992 caventem.
837 2934 906 2992 item
918 2932 1011 3010 quarti
1028 2936 1109 3005 ges-8

72 3019 158 3080 neris
175 3027 220 3082 est
235 3028 459 3096 percnopterus,
479 3017 579 3077 eadem
596 3017 790 3094 oripelargus,
808 3016 951 3078 volturius
966 3014 1078 3091 specie,
1097 3014 1100 3019 '

72 3103 134 3164 alis
148 3101 290 3177 minumis,
310 3101 422 3180 reliqua
434 3101 628 3178 magnitudine
644 3099 834 3175 antecellens,
851 3099 903 3160 sed
916 3097 1032 3158 inbellis
1050 3104 1080 3154 ct

35 3198 61 3240 ee
71 3187 223 3264 degener,
247 3195 379 3263 utquam
398 3185 536 3246 verberet
556 3201 673 3246 corvos.
705 3183 806 3244 eadem
829 3185 941 3244 ieiunae
961 3197 1079 3256 semper

72 3269 223 3332 aviditatis
250 3278 279 3329 et
304 3270 442 3350 querulae
467 3269 705 3332 murmurationis.
738 3268 803 3328 sola
828 3265 985 3345 aquilarum
1011 3280 1079 3322 exe

71 3357 154 3414 nima
169 3351 227 3412 iert
243 3371 385 3432 corpora,
401 3362 541 3429 ceterae,
562 3372 624 3414 cum
643 3354 796 3427 occidere,
817 3349 979 3412 considunt.
1005 3347 1080 3406 baec

71 3438 149 3500 facit
166 3445 198 3498 ut
215 3438 340 3518 quintum
354 3456 447 3514 genus
462 3431 602 3518 γνήσιον
626 3447 747 3498 vocetur
761 3436 840 3496 velut
858 3450 959 3494 verum
973 3431 1080 3492 solum·
1139 3479 1150 3495 ,
1172 3463 1179 3478 ·

1174 3339 1187 3368 1
