2482 3910
348 207 429 254 nou.
447 205 537 254 urso.
553 206 601 254 ιιι.
618 201 661 256 et.
680 191 826 276 (ss-tt.)
1029 195 1090 258 185

89 361 295 441 serpentibus,
317 360 445 440 pisoibns
464 361 603 422 foramine
625 371 731 422 tantum
753 361 789 422 etl
811 362 935 424 ollaetus
959 367 1022 425 sine
1043 383 1091 426 na·
1189 357 1195 362 ’

90 447 183 521 ribus,
196 455 225 506 et
236 445 302 506 bine
315 445 657 522 eognoruinaSlmorom‚
676 445 813 506 Silenum.
840 447 979 526 Septomo
992 465 1092 510 mense
1125 501 1129 510 ,

89 531 196 611 genitis
211 545 424 608 saepenumero
441 527 580 588 ioramiua
595 531 703 590 surium
720 539 749 590 et
765 533 872 592 narium
887 530 1020 595 defuere.

156 615 240 693 (60.)
256 613 358 688 Labra,
371 631 387 672 e
400 612 502 691 quibus
514 612 650 689 brotebi,
664 613 815 674 labeones
828 615 907 689 dieti,
919 625 948 674 et
961 631 994 676 os
1005 635 1071 695 pro·
1084 628 1135 682 159

62 701 157 763 sbnru
173 699 308 759 dmiusue
330 696 433 758 auimel
452 697 667 774 genemotibus.
703 715 757 776 pro
779 700 813 758 iis
836 715 942 760 cornea
959 709 988 760 et
1009 711 1092 762 sonte
1156 693 1159 699 ’

88 782 258 845 volueribus
273 790 377 841 rostro.
415 781 526 842 eedem
538 791 624 859 rapto
643 783 806 843 niventibus
821 783 948 860 adunes,
964 783 1092 845 oolleoto

87 878 189 942 reete,
205 866 312 927 herbas
326 864 474 926 mentibus
492 866 646 944 limumque
667 867 740 943 lata,
756 876 787 926 ut
808 883 889 926 suurn
907 870 1017 946 generi.
1047 867 1092 928 lu·

1 997 2 1030 ι
88 953 194 1014 mentis
209 952 275 1010 vioe
286 967 386 1010 munus
397 948 433 1010 sd
448 950 614 1026 oolligenda
626 949 732 1029 pabula
744 967 807 1027 ora,
824 953 972 1030 apertiora
987 953 1092 1012 laniatu

1 1085 2 1114 ι
88 1034 263 1098 viventibus.
297 1032 421 1094 nemun
436 1033 886 1112 morinummontem
900 1037 1002 1098 malae.
1033 1035 1091 1096 lla-

11 1191 15 1206 .
47 1141 77 1180 uo
89 1121 180 1183 xillus
197 1119 363 1179 oroeodilns
374 1127 481 1178 tantum
497 1121 665 1196 superiores
681 1128 789 1195 movet,
805 1127 963 1180 terrestres
979 1120 1091 1199 quadri-

88 1205 186 1286 pedes
203 1203 307 1264 eodem
321 1207 388 1281 quo'
397 1212 497 1262 uetera
513 1219 595 1262 more
614 1212 789 1281 praeterque
804 1205 832 1262 in
849 1203 1006 1282 obliquum.

155 1288 239 1367 (61.)
261 1287 394 1348 Dentiuru
409 1288 463 1346 trie
480 1304 606 1364 genera,
626 1289 729 1346 serrati
744 1296 792 1347 aut
812 1289 939 1346 continui
959 1297 1008 1348 aut
1024 1297 1137 1352 err-160

86 1375 172 1434 serti.
196 1373 301 1432 serrati
316 1372 480 1450 peutiootim
492 1379 648 1447 ooeuntes,
666 1389 702 1430 ne
720 1372 864 1430 onomario
880 1388 1005 1430 oeoursu
1021 1381 1092 1431 ette-

62 1490 65 1496 ι
87 1467 206 1532 rantur,
230 1465 261 1516 ut
280 1455 482 1534 serpentibus,
504 1455 651 1533 piseibus,
670 1455 796 1514 canibus.
836 1455 978 1530 continui,
994 1463 1024 1514 ut
1040 1455 1092 1514 bo·

46 1543 173 1616 remini,
191 1557 277 1619 equo.
310 1539 430 1614 exserti,
446 1548 575 1617 utapro,
591 1540 810 1619 hippopotamo,
828 1538 993 1618 elephanto.
1024 1555 1092 1598 oon-

86 1629 233 1687 tisaoruru
261 1625 309 1702 qui
332 1624 465 1700 digerunt
488 1622 584 1684 oiburn
611 1623 660 1685 lati
687 1634 716 1684 et
741 1626 833 1699 aeuti,
862 1625 909 1702 qui
937 1623 1093 1684 ooniieiunt

86 1709 242 1789 duplione,
256 1709 304 1786 qui
318 1708 512 1768 disorimiuant
524 1723 576 1767 eos
591 1709 684 1768 oaoioi
696 1708 888 1787 appellantur.
914 1708 1019 1768 bisunt
1032 1723 1093 1767 ser·
1122 1765 1124 1770 .

87 1797 161 1856 ratis
173 1793 341 1870 lenissimi.
368 1793 494 1851 oonduui
505 1802 553 1852 ant
566 1801 688 1872 utreque
703 1802 785 1870 parte
798 1795 857 1852 oris
871 1802 945 1866 sunt,
959 1803 988 1852 nt
1004 1808 1092 1870 equo,

88 1887 144 1941 eut,
154 1879 305 1956 superiore
318 1877 461 1954 primores
472 1893 530 1936 non
542 1887 622 1950 sont,
645 1880 676 1938 'nt
687 1877 797 1953 bobus,
814 1875 932 1951 ovibus,
949 1875 1092 1936 omnibns·

45 1981 151 2042 eoque
173 1980 258 2040 qnae,
278 1961 428 2020 ruminant.
472 1979 579 2039 euprae
604 1963 773 2040 superiores
799 1979 856 2021 non
882 1970 946 2019 sunt
975 1969 1094 2039 praeter

88 2049 237 2128 primores
257 2045 399 2122 geminos.
435 2045 504 2104 nulli
526 2047 636 2105 exserti
651 2045 753 2124 qulbus
782 2046 894 2104 serrati.
928 2060 995 2104 raro
1011 2043 1093 2103 lemi-

86 2149 164 2206 uae,
180 2139 210 2188 et
225 2138 321 2189 tumen
333 2130 395 2188 sine
410 2149 473 2189 usu.
504 2131 601 2206 itaque
615 2129 682 2188 brim
697 2130 760 2206 apri
774 2128 953 2206 percutiant,
968 2127 1093 2187 feminae

86 2201 161 2276 sues
177 2213 321 2274 mordent.
354 2212 424 2273 nulli
437 2215 482 2272 uui
497 2228 606 2272 cornua
619 2212 739 2286 exserti,
756 2211 810 2270 sed
823 2209 953 2269 omnibus
970 2221 1137 2275 eonon-162

87 2301 137 2376 ei,
162 2299 270 2358 ueteris
292 2298 404 2358 dentem
420 2297 515 2357 solidi.
553 2296 675 2374 pisoiom
696 2293 827 2354 omnibus
849 2292 952 2355 serrati
975 2301 1094 2371 praeter

46 2401 227 2457 essoarum,
245 2383 312 2458 buio
332 2383 382 2440 uni
400 2381 566 2460 annuntium
587 2380 674 2460 pleni.
710 2387 811 2439 cetero
832 2377 929 2438 multis
944 2393 1044 2436 eorum
1065 2379 1094 2437 in
1202 2421 1204 2426 -

86 2469 189 2544 lingua
211 2475 242 2525 et
261 2475 321 2524 tuto
343 2481 413 2540 ore,
434 2475 466 2525 ut
484 2463 567 2524 turba
585 2465 736 2524 voluerum
750 2463 880 2523 molliant
902 2479 977 2540 qnae
997 2463 1094 2522 attritu

85 2550 230 2626 subigere
252 2567 308 2608 non
334 2540 466 2628 queunt(
491 2547 591 2610 multis
607 2558 638 2608 et
657 2549 686 2608 in
707 2547 822 2626 palato,
849 2556 937 2626 atque
959 2547 1045 2607 etium
1066 2547 1095 2606 iu

76 2633 193 2696 manda.
228 2643 385 2712 praeterea
406 2635 435 2693 in
452 2651 487 2694 os
500 2643 672 2711 vergentes,
695 2649 732 2691 ne
748 2633 881 2693 exeidaot
897 2630 970 2707 eibi,
986 2630 1094 2691 nullum

85 2717 264 2780 tabentibus
279 2719 422 2778 retinendi
436 2717 645 2778 adminioulum.

46 2822 75 2864 aa
153 2799 237 2880 (62.)
261 2801 483 2880 Similesuspidi
501 2811 532 2862 et
553 2799 751 2880 serpentibus,
767 2799 820 2858 sed
841 2799 898 2858 dno
918 2800 949 2859 in
970 2805 1075 2876 supera
1085 2806 1137 2862 163

84 2894 191 2967 purte,
220 2886 321 2949 dentre
347 2886 492 2963 laevaque
512 2886 687 2961 longissimi,
713 2883 792 2942 tenni
819 2881 913 2941 listnle
941 2881 1093 2959 perforati,

84 2979 121 3032 ut
134 2971 323 3048 soorpionum
339 2969 450 3044 aeulei,
472 2985 615 3028 venenum
638 2966 828 3028 infundentes.
863 2981 920 3024 noo
943 2963 1020 3023 aliud
1037 2963 1094 3022 boe

73 3071 166 3141 ,εισι
177 3071 261 3131 qoam
274 3053 316 3112 iel
329 3054 521 3131 serpentium,
539 3062 568 3112 et
581 3053 647 3112 inde
662 3067 752 3110 venus
762 3049 818 3109 sub
833 3051 914 3128 spino
928 3047 965 3106 ad
980 3063 1015 3106 os
1026 3063 1093 3126 per-

83 3138 192 3198 venire
219 3136 430 3214 diligentissimi
456 3145 592 3197 auctores
609 3135 753 3211 sodbunt,
780 3134 893 3214 quidum
912 3137 997 3190 nnnm
1026 3147 1093 3191 esse

43 3239 158 3282 seeum
173 3231 223 3296 et,
234 3223 300 3300 quia
312 3222 350 3280 sit
362 3222 508 3297 uduneos,
524 3220 702 3298 resupinari,
720 3235 782 3278 eum
793 3215 989 3290 momorderit,
1006 3215 1094 3293 aliqui

82 3317 149 3366 tam
165 3304 305 3365 deridere
321 3321 385 3366 enm
406 3317 564 3384 rursusque
584 3319 758 3364 reuresoere
774 3302 890 3362 iaeilem
905 3299 1046 3373 decusso,
1065 3307 1095 3358 et

42 3403 46 3414 ’
83 3391 154 3452 sino
177 3406 298 3470 eoyesse
312 3391 521 3468 anostraotnri
537 3403 698 3449 cernamus.
730 3383 1136 3465 soorpionisoandaein-164

84 3489 160 3536 esse
182 3491 247 3534 eam
270 3473 464 3554 etplerisqne
486 3483 596 3534 ternos.
625 3471 743 3552 Viperis
764 3472 866 3531 dentes
884 3469 1001 3546 gingiva
1026 3482 1093 3528 uon·
