2482 3910
357 201 435 250 usu.
451 201 540 250 uisu.
560 203 610 250 nr.
625 197 668 254 ιι.
688 186 838 274 (td—55.)
1038 189 1097 256 183

552 295 570 334 ὰ

13 371 27 432 ι
93 368 153 418 tum
174 356 316 418 fecundus
337 366 368 417 et
388 366 521 436 perotus,
547 367 595 418 eut
614 357 663 418 ubi
685 358 800 438 reliquo
822 357 977 437 tempore?
1004 363 1096 423 animo
1187 400 1192 408 ι

12 455 26 518 ι
93 451 191 502 nmen
215 441 360 518 videmus,
385 443 478 501 enimc
498 445 651 504 cernimus.
688 444 765 504 ocull
791 461 845 504 ceu
865 461 935 505 vase
957 446 1098 524 quaedem

13 556 24 600 Ι
94 525 243 588 visibilem
260 527 324 586 eius
339 533 451 605 purtem
469 528 614 606 acciplunt
631 536 717 606 etque
732 529 897 588 tramittunt.
933 529 976 588 sic
988 547 1097 620 ¹magne

11 645 22 688 3.
92 611 236 687 comitello
250 608 393 671 obcaecet
408 609 536 672 abducto
553 607 630 672 intus
644 612 718 672 sisu.
745 613 829 673 sicin
843 611 945 672 morbo
961 613 1097 676 comitioli
1192 671 1194 676 ,

10 725 23 793 9
68 696 189 755 tunimo
202 693 347 772 deligente
359 696 453 774 operti
464 695 533 756 uiiil
546 704 675 756 cernunt.
705 695 780 770 Quin
794 705 825 757 ct
835 695 998 776 putentibus
1013 695 1079 757 dor·
1088 706 1138 762 14⁷

9 811 22 860 p
83 781 182 838 minut
196 777 316 857 lepores
331 779 472 858 multique
486 780 640 857 bominum,
657 797 732 860 quius
748 779 975 860 κορυβαντιᾶν
992 778 1095 842 Graeci

8 897 21 944 p
91 864 201 924 dicunt.
234 861 380 922 'leudibus
395 864 550 943 multisque
561 863 733 924 membranis
747 882 802 925 eor
816 871 915 926 ιιιιιιιι
932 865 1095 942 conposuit,

8 985 16 1030 p
92 947 215 1008 cellesis
238 956 339 1008 coutm
359 946 469 1026 lrigcru
497 948 672 1028 coloresque
694 949 724 1010 in
745 957 863 1009 extumo
883 950 1002 1023 tunicis,
1025 965 1096 1028 ques
1201 1003 1205 1014 .

7 1053 18 1116 ,¹
92 1031 216 1094 subinde
236 1032 367 1110 purilicat
383 1032 607 1096 lacrimationum
626 1033 742 1110 salivis,
764 1033 894 1096 lubricos
914 1041 1036 1114 propter
1054 1033 1094 1091 in-

8 1153 17 1198 ,
54 1117 239 1176 rocmsentie
253 1125 284 1175 et
299 1115 422 1179 mobilis.

158 1201 244 1279 (55.)
273 1199 367 1262 bledla
392 1217 493 1260 eorum
517 1219 627 1265 cornue
651 1201 822 1262 fenestravit
846 1201 970 1281 pupilla,
998 1200 1142 1264 cuiusltd

5 1325 14 1370 Ι
91 1286 245 1362 angustiae
270 1301 327 1343 non
349 1285 443 1346 sinunt
463 1287 562 1362 vagari
586 1287 724 1347 incertum
739 1287 832 1346 eciem
856 1301 891 1345 uc
904 1285 985 1344 velut
1003 1284 1095 1344 conell

4 1406 13 1455 1
53 1389 56 1395 ·
91 1369 220 1446 dirigunt
234 1367 387 1447 obiterque
402 1369 557 1429 incidentia
571 1370 659 1432 iaclle
672 1370 833 1444 declinent,
848 1367 914 1432 eliis
924 1368 1015 1509 umbri,
1031 1367 1094 1426 ullis

4 1493 13 1540 1
90 1454 173 1528 reri,
189 1451 252 1513 eliis
273 1452 370 1528 glauci
392 1453 502 1514 coloris
519 1453 639 1514 orbibus
662 1453 861 1528 circumdetis,
877 1461 908 1512 ιιι
922 1452 958 1512 lrs
979 1451 1010 1510 ili
1023 1453 1093 1510 mix·

4 1583 11 1627 t
53 1551 80 1593 rs
91 1545 158 1598 ture
179 1545 209 1598 et
228 1535 388 1615 accipietur
410 1537 596 1598 circumiecto
617 1538 744 1598 candore
761 1537 812 1598 lun
825 1544 855 1597 ct
870 1543 1032 1614 temperato
1048 1551 1093 1593 re

1 1663 10 1708 t
91 1623 237 1700 percussu
253 1639 311 1682 non
332 1621 494 1700 obstrepet.
527 1622 661 1704 adeoque
680 1623 716 1682 iis
731 1619 864 1684 absolute
878 1622 922 1682 uis
938 1619 1051 1698 speculi
1064 1627 1095 1678 ut

1 1743 8 1793 l
90 1713 151 1765 ιιιιιι
172 1717 261 1784 perun
286 1706 335 1766 illu
357 1706 469 1784 pupille
490 1715 577 1766 totum
598 1707 750 1782 imaginem
770 1705 872 1766 reddet
893 1704 1024 1764 hominis.
1060 1718 1095 1762 eu

90 1805 182 1849 cause
197 1797 286 1849 estut
301 1789 461 1869 pleraeque
476 1787 572 1851 clitum
587 1809 605 1850 e
619 1789 749 1851 munibus
763 1789 906 1849 homiuum
922 1788 1024 1848 oculos
1043 1803 1094 1865 pu·

88 1875 231 1934 ιιιιίιιιιιιι
247 1873 397 1952 adpetunt,
416 1874 494 1953 quod
510 1874 639 1952 efigiem
659 1889 739 1937 sunm
753 1876 782 1934 in
795 1873 831 1934 ils
846 1881 1001 1936 cernentes
1016 1871 1095 1954 velut

52 1979 80 2022 sc
90 1958 130 2022 ed
148 1966 270 2035 cognate
282 1957 427 2019 desiderio
440 1975 492 2019 sue
503 1960 632 2021 tendunt.
663 1959 802 2020 Veterinu
817 1965 923 2018 tuntum
938 1955 1077 2034 quaedem
1086 1961 1137 2017 149

90 2043 130 2104 ed
148 2048 295 2104 cremento
309 2042 395 2101 lunue
414 2042 533 2102 morbos
549 2045 682 2104 sentiunt.
718 2041 772 2103 sed
786 2042 872 2107 homo
891 2039 973 2100 solus
988 2037 1094 2098 emisso

1 2174 3 2210 p
89 2143 197 2188 umore
213 2129 356 2187 caecitate
377 2126 526 2187 liberetur.
557 2135 624 2205 post
639 2128 807 2186 vicesimum
823 2141 924 2202 nnnum
937 2122 1034 2181 multis
1049 2139 1094 2180 re-

90 2213 208 2272 stitutus
220 2219 266 2270 est
279 2213 368 2286 uisus,
384 2209 553 2288 quibusdam
570 2212 664 2270 stetim
676 2205 859 2270 noscentibus
874 2213 995 2282 negatus
1016 2203 1094 2264 nullo

25 2287 30 2296 ’
91 2295 358 2370 cunimundum,
386 2293 482 2354 multis
507 2303 629 2371 repente
657 2293 770 2353 ablutus
798 2289 883 2349 simili
909 2287 994 2346 modo
1017 2285 1094 2346 nulls
1191 2285 1202 2303 '

52 2399 81 2440 tc
91 2379 420 2460 praecedenteiniurie.
449 2377 547 2438 Venus
562 2378 598 2438 nb
613 2379 648 2437 iis
663 2377 810 2455 pertinere
826 2373 863 2432 sd
878 2371 1029 2432 cerebrum
1043 2387 1093 2448 pe-

90 2463 223 2524 ritissimi
238 2471 375 2522 rumores
389 2462 513 2523 trudunt.
546 2479 603 2539 ego
620 2469 649 2521 et
666 2460 703 2521 ed
718 2456 894 2520 stomachum
911 2453 1093 2517 crediderim.

90 2555 177 2608 certe
189 2546 260 2606 nulli
269 2548 333 2606 sine
345 2545 552 2607 redundatione
566 2547 629 2605 elus
637 2546 746 2606 eruitur
757 2543 868 2604 oculus.
892 2537 1138 2601 blorientibuslto
1194 2581 1198 2597 ι

89 2633 164 2693 lllos
178 2633 297 2709 operire
318 2646 478 2709 rursusque
492 2631 521 2690 in
541 2647 615 2708 rogo
632 2628 801 2709 patefacere
817 2624 966 2698 Quiritium
977 2623 1034 2684 ritu
1051 2639 1095 2682 se·
1180 2693 1181 2702 ἵ

91 2731 176 2777 crum
190 2710 252 2790 est,
279 2716 317 2774 lta
342 2727 423 2774 mure
438 2715 556 2774 condito
577 2723 718 2794 utreque
734 2711 772 2772 ub
795 2710 910 2771 bomine
932 2722 1095 2786 supremum

53 2817 81 2862 eo
91 2817 149 2862 eus
163 2799 289 2877 spectari
304 2799 349 2859 ies
362 2800 399 2858 sit
411 2806 440 2860 et
451 2799 536 2859 caelo
548 2817 606 2858 non
620 2797 735 2862 ostendi
746 2795 838 2856 neilus.
865 2791 920 2852 Uni
936 2791 1095 2851 animalium

89 2884 202 2948 homini
224 2881 435 2961 depraventur,
455 2882 531 2942 unde
557 2883 727 2960 cognomine
749 2877 921 2940 Strabonum
941 2883 973 2934 et
992 2873 1094 2934 Paeto·

89 2988 165 3032 rum.
194 2966 230 3027 ub
252 2967 354 3027 iisdem
374 2969 423 3046 qui
442 2967 537 3027 altero
558 2967 661 3027 lumine
678 2964 743 3024 orbi
763 2969 951 3022 nascerentur
966 2955 1095 3016 Coclites

89 3050 292 3126 vocabuntur,
318 3054 366 3130 qui
393 3052 490 3131 parvis
516 3052 646 3130 utrisque
671 3047 809 3122 Ocellue,
835 3041 950 3106 brrsclni
976 3039 1095 3100 iniuriae

91 3148 259 3216 cognomen
274 3133 443 3196 babuerunt.
474 3134 689 3195 Nocturnomm
703 3131 864 3193 animalium
877 3125 966 3185 veluti
980 3123 1079 3221 lelium
1085 3132 1135 3187 151

49 3226 123 3286 ssim
141 3219 273 3283 tenebris
294 3219 405 3298 fulgent
425 3219 596 3298 radiantque
619 3217 714 3291 oculi,
736 3226 767 3278 ιιι
781 3207 912 3275 contueri
926 3222 983 3266 uon
999 3216 1051 3283 sut,
1067 3210 1097 3266 et

91 3323 203 3386 cupree
219 3305 348 3382 lupoque
364 3305 518 3384 splendent
534 3304 687 3381 lucemque
703 3299 871 3363 incoluntur.
901 3289 982 3390 vituli
996 3291 1097 3391 marini

92 3401 126 3454 et
142 3391 274 3466 hyaenae
287 3389 314 3448 in
328 3390 406 3450 mille
424 3389 543 3450 colores
558 3395 706 3448 transeunt
722 3380 852 3446 subinde.
885 3392 952 3454 qum
967 3382 996 3434 et
1011 3393 1040 3436 ιιι
1053 3383 1095 3436 tc·

90 3476 196 3537 nebris
217 3473 370 3534 multorum
384 3475 505 3552 piscium
524 3471 670 3549 refulgent
685 3470 758 3532 aridi
779 3468 853 3528 sicut
873 3456 984 3522 robusti
1001 3458 1095 3550 crudi·
