2482 3910
271 170 352 220 nnn.
368 169 460 221 nnsn
476 170 522 218 11.
541 167 660 222 m-sn
677 158 867 238 (maeno.)
998 129 1070 224 ‘tot

55 337 92 390 nt
108 326 334 395 aemulemini
349 343 468 404 *semper
482 327 598 404 nmmo.
628 325 740 404 placuit
752 326 782 387 in
800 325 940 406 dempto
961 329 1071 392 nntrire

57 420 247 492 portentum,
271 410 344 473 binis
366 419 395 471 et
416 412 445 470 in
467 428 570 473 aversa
586 410 688 489 capitis
706 419 788 489 parte
806 409 899 472 oculis
915 409 1069 492 bominem,

57 497 117 557 sed
134 497 170 559 iis
185 512 243 556 non
259 504 435 562 cernentem.

127 579 235 660 (114.)
250 577 339 641 Miror
353 578 497 658 equidem,
509 577 698 639 Aristotelem
714 595 772 640 non
785 577 871 640 nodo
888 579 1113 647 credidissetis

32 664 212 744 spreescita
227 663 303 726 vitae
325 681 392 724 esse
416 663 513 740 aliqua
526 662 555 722 in
575 662 748 740 corporibus
763 664 850 744 ipsis,
870 666 1071 726 verumetiam

58 747 244 828 prodidisse.
271 765 347 826 qnae
363 763 533 826 quamquam
547 750 621 808 iana
637 747 787 824 existimo,
805 765 861 810 nec
876 749 939 810 sine
955 757 1070 810 cunma-

58 832 144 894 tione
160 831 354 911 proterenda,
369 850 407 892 nc
422 831 450 890 in
463 849 496 890 se
515 831 637 910 quisque
654 849 690 892 ea
704 832 823 910 auguria
838 833 922 899 anxie
937 842 1072 912 quaerat,

58 917 203 993 attingam
226 925 338 992 tamen,
367 918 433 995 qnia
460 923 555 976 tantus
576 917 619 976 vir
644 917 674 976 in
700 915 839 978 doctrinis
864 933 922 976 non
948 917 1069 996 sprevit.

57 1002 153 1078 igitur
169 1001 247 1060 vitae
263 999 362 1060 brevis
377 1001 460 1084 signa
475 1001 556 1078 ponit
569 1017 653 1060 raros
662 999 768 1078 dentis,
786 1002 967 1080 praelongos
980 999 1051 1078 digi·
1061 1009 1113 1066 274

19 1104 48 1149 to
58 1093 130 1159 tos,
144 1083 311 1162 plumbeum
326 1084 457 1144 colorem
471 1084 622 1164 plurisque
636 1086 664 1144 in
678 1102 762 1146 mann
777 1085 918 1146 incisuras
932 1103 988 1147 nec
1004 1103 1070 1164 per-

59 1177 180 1247 petuas.
211 1177 312 1236 contra
327 1167 435 1246 longae
451 1187 519 1228 esso
532 1170 608 1228 vitae
625 1169 762 1229 incurvos
777 1169 883 1230 umeris
899 1177 929 1230 et
944 1170 973 1228 in
986 1185 1071 1231 manu
1135 1245 1137 1254 Ι

59 1269 149 1318 unam
163 1261 212 1326 ant
225 1251 297 1314 duas
309 1253 450 1314 incisuras
463 1253 566 1329 longas
579 1251 711 1313 habentis
727 1261 758 1312 et
768 1252 859 1332 pluris
873 1271 959 1330 qnam
970 1267 1071 1314 xxxu

60 1337 177 1412 dentis,
198 1335 314 1398 auribus
330 1337 442 1415 amplis.
477 1354 532 1396 neo
550 1337 684 1396 universa
700 1335 791 1412 baec,
807 1345 842 1396 ut
852 1335 994 1413 arbitror,
1016 1337 1071 1398 sed

60 1421 180 1500 singula
205 1420 359 1497 observat,
380 1419 502 1501 lrivola,
519 1429 549 1480 nt
572 1437 657 1494 reor,
679 1429 709 1480 et
724 1420 815 1500 volgo
835 1429 931 1484 tamen
945 1430 1068 1482 narrata.

21 1527 49 1570 m
60 1503 174 1567 eddidit
188 1523 299 1566 mornm
311 1521 430 1583 ‘quoqne
450 1513 570 1582 spectus
591 1504 676 1566 simili
690 1504 777 1566 modo
793 1504 869 1584 apud
886 1522 940 1566 nos
955 1503 1069 1582 'irogus

61 1598 94 1648 et
120 1589 184 1666 ipse
210 1598 312 1651 auctor
335 1608 352 1648 e
374 1590 582 1665 severissimis,
606 1603 684 1667 qnos
703 1589 801 1650 vorbis
829 1589 892 1652 eins
915 1589 1068 1651 subiciam:

61 1671 183 1733 Frons
211 1672 271 1734 nbi
304 1681 359 1734 est
387 1691 511 1750 magna
540 1669 689 1751 segnem
715 1674 867 1734 animum
894 1673 1112 1739 subessetit
1155 1710 1158 1714 ·

61 1755 284 1834 significat,
316 1755 447 1836 quibus
480 1776 593 1836 parva
623 1757 816 1833 mobilem,
849 1757 986 1836 quibus
1017 1775 1070 1842 ro·
1115 1753 1120 1771 ‘

61 1841 175 1902 tnnda
198 1841 429 1918 iracundum,
445 1842 549 1903 velut
567 1841 637 1904 boc
653 1842 819 1920 vestigio
841 1845 993 1904 tumoris
1014 1844 1068 1905 ad·

22 1934 236 2004 soporante.
272 1926 480 2005 supercilia
509 1926 647 2006 quibus
676 1927 918 2007 porriguntur
946 1928 981 1987 in
1009 1946 1067 1988 re·

61 2008 537 2087 ctnmnrollissigniiicant,
558 2010 692 2090 qnibns
710 2013 812 2074 iuxta
827 2028 951 2072 nasum
966 2012 1070 2074 flexa

61 2102 151 2157 sunt
173 2103 366 2170 austeros,
390 2093 520 2174 quibus
542 2097 643 2154 iuxta
662 2105 828 2172 tempora
847 2094 991 2156 inflexa
1013 2095 1069 2156 de·-

61 2179 228 2253 risores,
255 2177 391 2257 quibus
419 2179 453 2239 in
482 2187 597 2238 totum
627 2179 787 2238 demissa
809 2177 1013 2238 malivolos
1035 2189 1070 2238 et

61 2261 220 2323 invidos.
266 2261 370 2322 oculi
393 2261 689 2341 quibuscumque
709 2270 797 2321 sunt
819 2259 923 2338 longi
944 2263 1112 2328 male-276

24 2345 164 2412 sslicos
184 2346 348 2406 moribus
371 2363 457 2406 esse
476 2346 646 2408 indicant.
691 2346 751 2426 qni
771 2361 956 2406 carnosos
977 2365 994 2408 a
1015 2363 1071 2406 na·

61 2428 166 2490 ribus
191 2430 353 2506 angulos
375 2429 516 2491 babent
540 2431 705 2492 malitiae
727 2439 847 2490 notam
874 2429 1068 2508 praebent.

63 2510 217 2575 candida
239 2533 323 2592 pars
345 2523 499 2580 extenta
526 2523 643 2578 notam
672 2515 1068 2594 inpudentiaebabet‚

63 2598 127 2676 qni
159 2595 400 2660 identidem
430 2601 583 2678 operire
616 2599 741 2660 solent
773 2601 1068 2662 inconstantiae.

63 2681 295 2743 oricularum
316 2684 527 2760 magnitudo
550 2683 798 2762 loquacitatis
821 2693 856 2744 et
878 2685 1070 2748 stultitiae

26 2776 145 2832 mnota
171 2775 237 2826 cst.
268 2766 415 2828 ffletenns
431 2767 554 2845 Trogus.

127 2848 177 2910 53.
203 2851 310 2930 (115.)
333 2849 453 2912 Animae
479 2853 573 2912 leonis
593 2853 672 2913 virus
693 2870 801 2930 grave,
820 2855 879 2914 nrsi
895 2854 1111 2933 permisceant

63 2942 198 3000 comaclo
224 2935 314 2996 balitn
335 2937 398 2996 eius
413 2937 491 2998 nulla
512 2937 579 2998 iera.
591 2936 724 3018 attingit,
743 2938 884 3016 ociusque
900 2946 1069 3016 putrescunt

62 3019 169 3084 adflata
185 3019 315 3098 reliquis.
349 3020 454 3082 bomini
475 3029 582 3080 tantum
602 3020 680 3081 inlici
701 3030 802 3085 natura
823 3021 915 3082 voluit
937 3020 1069 3100 pluribus

61 3103 173 3180 modis,
185 3114 219 3164 vct
237 3103 368 3164 ciborum
381 3122 415 3166 ac
431 3106 555 3166 dentium
569 3106 662 3180 vitiis,
676 3105 729 3176 sed
743 3123 882 3168 maxume.
892 3106 985 3166 senio.
1018 3106 1068 3172 doe

26 3205 52 3248 at
62 3185 159 3252 iorem
174 3190 281 3252 sentire
293 3206 351 3250 non
368 3198 498 3269 poterat,
515 3198 592 3250 tactu
604 3206 749 3269 sensuque
762 3192 838 3252 omni
853 3189 983 3265 carebat,
1004 3191 1068 3250 sine

62 3272 167 3353 quibus
195 3273 266 3335 nibil
297 3275 427 3334 sentitur.
462 3273 565 3335 eadem
596 3274 781 3351 commeabat,
805 3291 915 3336 recens
935 3273 1068 3350 adsidue,

62 3359 177 3418 exitura
202 3375 338 3436 supremo
365 3357 479 3434 etsole
502 3377 540 3418 ex
559 3359 676 3421 bomine
702 3359 896 3438 superlatum.
940 3357 1067 3438 deniqne

62 3444 137 3504 baec
155 3441 354 3502 trahebature
367 3443 461 3504 coelo.
486 3443 569 3512 lrnim
582 3461 699 3523 qnoque
711 3453 805 3506 tamen
819 3450 1048 3522 repertafpoena
1059 3453 1123 3508 278¹
