2444 3910
279 219 852 304 nnv.fl18T.V11.28-30.(29‘—31.)
1024 221 1062 286 ti

53 407 120 468 per
135 397 180 448 tot
195 385 414 466 disciplinarum·
425 405 535 465 genera
552 396 581 448 et
591 396 701 448 tautam
715 404 810 447 rerum
826 405 1003 468 operamque
1017 402 1066 451 va·

54 475 207 548 rietatem,
223 473 279 538 nisi
295 471 371 532 forte
383 472 509 532 Homero
521 481 586 532 vate
603 469 716 532 Graeco
728 471 834 532 nullum
849 471 964 535 felicius
980 476 1066 535 exsti·
1107 475 1114 498 ¹

53 559 136 618 tisse
154 557 305 632 convenit,
328 557 391 618 sive
413 557 511 635 operis
526 555 639 616 fortuna
656 557 718 615 sive
735 557 852 618 materia
869 555 1067 618 aestumetur?

53 641 165 719 ltaque
173 639 342 700 Alexander
349 639 629 716 Magnum-etenim
640 639 800 716 insignibus
810 639 921 700 indiciis
934 651 1050 718 optume
1059 653 1111 705 108

24 727 196 802 scitraque
220 724 434 784 invidiam-tam
459 723 586 802 superba
614 739 736 784 censura
757 733 913 800 peragetur
935 757 977 770 -η
997 727 1070 784 inter

54 809 161 887 spolia
177 809 257 869 Darii
273 807 424 869 Persarum
439 809 518 884 regis
533 817 742 884 unguentorum
754 807 860 880 scrinio
878 817 976 886 capto,
992 809 1070 886 qnod

56 901 213 955 eratauro
230 893 392 969 margaritis
413 893 594 970 gemmisque
613 893 788 970 pretiosum,
807 893 905 950 varios
924 893 1070 952 eius'usns

56 978 165 1058 amicis
180 977 452 1051 demonstrantibus,
468 969 582 1054 quaudo
597 975 736 1036 taedebat
746 978 884 1052 unguenti
898 975 1070 1036 bellatorem

57 1071 91 1122 et
110 1061 211 1120 militia
230 1059 395 1136 sordidum,
419 1061 521 1120 immo
549 1059 728 1138 Hercule,
759 1061 866 1137 inquit,
893 1059 1070 1121 librorum

15 1157 46 1198 10
56 1145 212 1206 Homeri
227 1153 333 1214 custo
343 1145 423 1204 diae
436 1145 558 1220 detur,
572 1153 601 1202 ut
612 1144 851 1222 pretiosissimum
860 1144 973 1204 humani
987 1144 1069 1203 animi

58 1247 139 1308 opus
155 1245 240 1307 quam
250 1246 382 1288 maxume
397 1229 477 1288 diviti
490 1244 581 1306 opere
595 1238 773 1290 servaretur.
800 1230 869 1286 item
880 1227 993 1288 Pindari
1004 1236 1113 1290 valoti

57 1317 100 1374 tis
116 1313 243 1375 familiae
261 1312 472 1390 penatibusque
493 1313 576 1372 iussit
598 1315 695 1390 parci,
716 1331 780 1373 curn
801 1311 917 1372 Thebas
940 1320 1069 1389 caperet.

58 1397 233 1458 Aristotelis
248 1395 416 1476 philosophi
431 1397 551 1475 patriam
567 1397 710 1471 condidit,
727 1405 881 1474 tantaeque
899 1411 995 1454 rerum
1013 1395 1070 1454 cla·

58 1483 218 1543 ritatitam
240 1481 395 1558 benignum
410 1482 602 1542 testimonium
623 1481 747 1540 miscuit.
778 1479 948 1540 Arclrilochi
963 1487 1070 1557 poetae
1122 1503 1124 1512 ·

18 1581 48 1622 15
59 1565 272 1626 interfectores
293 1565 404 1644 Apollo
423 1566 518 1642 arguit
537 1564 670 1642 Delphis.
707 1565 886 1643 Sophoclem
902 1565 1004 1640 tragici
1022 1579 1070 1622 oo-

59 1651 158 1710 thurni
174 1652 334 1728 principem
350 1649 515 1712 defunctum
530 1649 658 1726 sepelire
673 1647 761 1708 Liber
776 1657 859 1726 pater
876 1650 976 1723 iussit,
993 1647 1070 1706 obsi·

61 1733 198 1794 dentibus
226 1735 341 1794 moenia
366 1733 618 1808 Lacedaemoniis,
646 1731 794 1806 Lysandro
818 1751 918 1792 eorum
945 1750 1018 1808 rege
1044 1733 1056 1810 i

63 1820 165 1897 quiete
187 1821 306 1896 saepius
329 1819 481 1880 admonito·
499 1827 532 1876 ut
551 1811 701 1896 pateretur
721 1817 831 1878 humari
850 1817 969 1876 delicias
992 1833 1069 1874 suas.
1089 1812 1094 1832 ¹

60 1903 216 1980 requisivit
230 1921 293 1978 rex,
310 1903 374 1980 quis
391 1918 553 1980 supremum
570 1902 646 1964 diem
662 1900 783 1960 Athenis
798 1899 931 1976 obiisset,
947 1918 1003 1958 nec
1019 1898 1071 1958 dii-

22 2001 51 2042 ro
63 1987 182 2046 boolton
197 2005 239 2046 en·
245 1989 281 2048 iis
292 2002 379 2066 quem
392 1987 463 2046 dens
475 1985 668 2062 significasset
682 1985 836 2060 intellexit,
855 2002 1015 2063 pacemque
1027 1983 1070 2040 fu·

63 2073 130 2132 neri
146 2071 237 2136 tedis
650 2095 651 2103 ¹

131 2155 182 2214 30.
206 2154 289 2234 (31.)
326 2153 438 2217 Platoni
466 2155 625 2232 sapientiae
647 2153 765 2212 antistiti
783 2151 941 2226 Dionysius
961 2159 1116 2224 tyran-llll

62 2259 120 2300 nus
139 2239 210 2300 alias
231 2240 371 2299 saevitiae
395 2237 607 2318 superbiaeque
628 2246 710 2294 natas
731 2237 861 2294 vittatam
875 2251 978 2292 navem
998 2235 1073 2291 misit
1094 2255 1099 2263 ⁸

63 2323 198 2399 obviam,
216 2324 280 2402 ipse
300 2321 449 2402 quadrigis
470 2321 544 2382 albis
566 2319 764 2397 egredientem
788 2319 818 2378 in
836 2318 923 2376 litore
945 2315 1071 2392 excepit.

25 2422 55 2462 25
63 2409 175 2485 Viginti
194 2408 314 2466 talentis
334 2423 418 2468 unam
435 2407 596 2464 credonem
615 2403 761 2464 Isocrates
778 2401 918 2462 vendidit.
950 2397 1072 2458 Aeschi-

64 2510 122 2552 nes
136 2491 322 2551 Atheniensis
339 2507 464 2550 summus
478 2497 587 2565 orator,
602 2507 665 2550 cum
681 2489 894 2547 accusationem
910 2501 966 2562 qua
980 2484 1074 2542 iuerat

65 2593 137 2638 nsns
153 2573 274 2636 Rhodiis
290 2575 430 2652 legisset,
447 2573 520 2651 legit
536 2583 564 2632 et
581 2572 782 2632 defensionem
797 2569 1002 2630 Demosthenis
1014 2585 1074 2644 qna

65 2663 97 2720 in
106 2659 291 2738 illudpnlsus
303 2660 397 2719 iuerat
411 2659 553 2734 exsilium,
565 2657 790 2734 mirantibusque
806 2664 864 2714 tum
876 2655 970 2731 magis
984 2653 1074 2712 inisse
1159 2683 1162 2689 =

65 2745 221 2804 miraturos
245 2744 331 2819 diruit,
362 2745 386 2802 si
412 2744 507 2822 ipsum
534 2750 664 2806 orantem
685 2741 880 2814 audivissent,
912 2737 1073 2798 calamitate
1160 2757 1162 2763 ·

29 2830 153 2890 antestis
166 2830 269 2905 ingens
284 2829 378 2888 iactos
395 2828 512 2889 inimici.
541 2825 729 2901 Thucydiden
744 2826 950 2901 imperatorem
966 2819 1057 2878 Athe·
1067 2829 1116 2880 111

66 2915 186 2973 aienses
197 2915 226 2972 in
241 2912 374 2972 exsilium
386 2929 488 2988 egere,
505 2927 601 2970 rernm
614 2909 793 2970 conditorem
804 2923 997 2978 revocavere,
1012 2903 1073 2961 elc-

68 2997 212 3076 qoentiam
226 2998 320 3058 mirati
337 2996 418 3062 onius
432 2997 566 3054 virtutem
581 2995 793 3054 damnaverant.
820 2989 953 3068 Magnum
970 2995 999 3046 et
1014 2983 1073 3042 bie·

67 3081 178 3142 nandro
194 3084 226 3140 in·
239 3082 356 3141 cornico
367 3095 459 3139 socco
477 3079 670 3137 testimonium
680 3095 787 3154 regom
799 3075 928 3152 Aegypti
939 3080 968 3130 et
979 3068 1075 3128 blace-

68 3166 174 3226 doniae
196 3166 319 3242 contigit
337 3164 433 3225 classe
455 3172 485 3223 et
503 3180 557 3239 per
578 3162 692 3238 legatos
713 3162 821 3238 petitb,
842 3160 934 3218 maius
952 3157 996 3214 ert
1010 3153 1075 3230 ipso

33 3261 58 3304 ae
68 3248 170 3326 regiae
187 3250 320 3311 iomnuae
339 3248 471 3327 praelata
484 3246 646 3307 litterarum
662 3245 850 3304 conscientia.
883 3237 1118 3300 Perhibuersllt

68 3343 100 3394 et
121 3332 243 3393 Romani
261 3351 406 3413 proceres
427 3341 511 3392 etnam
526 3331 635 3390 exteris
649 3331 821 3388 testimonia.
851 3325 904 3386 (in.
921 3321 1075 3398 Pompeios

68 3417 209 3478 coniecto
235 3417 429 3478 Mithridatico
454 3415 533 3474 bello
551 3417 712 3474 intraturus
737 3411 885 3471 Posidonii
917 3406 1076 3486 sapientiae

1 3517 2 3522 ’
69 3501 258 3581 professione
287 3501 358 3562 clari
379 3499 492 3560 domum
516 3499 608 3558 iorem
629 3496 742 3578 percuti
763 3496 800 3554 de
827 3509 910 3552 more
933 3509 949 3551 a
972 3491 1076 3553 lictore
