2462 3900
190 174 252 242 228
536 186 567 234 c.
583 187 678 234 entur
694 187 843 236 securior

189 343 406 406 medicamenta
416 343 539 421 pretium
561 348 617 400 est.
649 341 808 418 praecipua
823 349 917 400 autem
932 341 1024 417 gratia
1041 340 1200 420 lacrimae,

147 427 335 496 119secunda
352 429 468 501 semlai,
486 427 570 486 tertia
585 425 704 500 cortici,
719 425 838 484 minuma
856 424 943 500 ligno.
973 423 1019 484 Ex
1031 424 1091 484 hoc
1104 425 1200 488 buxo

190 531 252 574 sum
266 520 423 590 optumum,
437 510 515 589 quod
528 517 557 569 et
571 504 812 582 odoratissimum,
825 525 841 566 e
857 509 966 568 semine
981 516 1077 568 autem
1095 528 1200 570 maxu-

188 614 262 656 mum
282 604 313 655 et
327 594 620 673 ponderosissimum,
638 592 774 651 mordens
790 599 875 668 gustu
890 590 1067 669 fervensque
1084 595 1116 652 in
1132 611 1198 656 ore.

187 679 365 740 adulteratur
380 677 503 738 Petraeo
525 677 684 754 hyperico,
703 674 781 754 quod
798 676 963 752 coarguitur
983 678 1216 756 magnitudines

146 765 356 838 lanicinium,
373 761 563 838 longitudine,
579 760 677 821 odoris
692 761 821 836 ignavia,
837 775 943 838 sapore
959 759 1091 837 piperis.
1109 762 1198 822 lacri-

188 865 253 908 mae
274 846 419 925 probatio,
435 854 466 903 ut
481 846 518 905 sit
533 863 550 904 e
567 844 667 923 pingui
682 843 776 903 tenuis
795 859 831 902 ac
845 843 959 902 modice
975 842 1039 904 ruia
1056 853 1088 902 et
1103 845 1133 904 in
1144 847 1196 906 fri·

189 931 283 994 cando
300 929 400 990 odora.
429 928 572 989 secundus
596 927 708 988 candidi
725 926 825 1002 colos,
843 927 928 1005 peior
943 927 1042 987 viridis
1059 946 1195 988 crassus-

189 1032 263 1092 que,
288 1029 440 1090 pessumus
462 1011 564 1088 niger,
589 1013 697 1090 quippe
716 1019 746 1070 ut
765 1009 861 1072 oleum
884 1011 1019 1070 senescit.
1052 1029 1093 1070 ex
1117 1015 1195 1074 omni

188 1098 314 1156 incisura
334 1111 465 1155 maxume
488 1093 627 1173 probatur
648 1093 725 1173 quod
747 1102 812 1154 ante
835 1112 934 1154 semen
949 1094 1038 1154 lluxit.
1065 1105 1098 1154 et
1122 1097 1219 1157 aliaso

188 1179 365 1242 adulteratur
391 1180 507 1240 seminis
528 1197 617 1254 suco,
643 1180 748 1255 vixque
770 1177 941 1238 maleficium
963 1178 1194 1256 deprehenditur

186 1271 272 1342 gustu
285 1263 436 1324 amariore.
464 1281 531 1322 esse
547 1264 622 1322 enim
636 1261 724 1322 dehet
739 1261 830 1336 lenis,
847 1279 904 1322 non
915 1261 1079 1336 suhacidus,
1099 1265 1193 1324 odore

145 1358 195 1414 121
203 1355 311 1409 tantum
326 1355 467 1408 austerus.
498 1347 613 1406 vitiatur
628 1354 657 1406 et
671 1345 739 1406 oleo
754 1362 859 1422 rosae,
881 1348 980 1425 cypri,
996 1345 1127 1423 lentisci,
1143 1348 1192 1407 ha·

97 1441 99 1446 '
186 1431 261 1507 lani,
278 1430 450 1506 terebinthi,
467 1431 568 1506 myrti,
585 1431 697 1505 resina,
712 1428 856 1506 galbano,
872 1448 941 1490 cera
962 1426 1086 1508 Cypria,
1106 1441 1192 1510 prout

187 1533 321 1594 quaeque
336 1534 387 1575 res
401 1514 468 1590 luit,
491 1514 665 1592 nequissime
679 1521 773 1574 autem
789 1515 906 1590 cummi,
933 1515 1066 1593 quoniam
1079 1515 1216 1576 arescitss

185 1600 215 1656 in
228 1616 312 1659 manu
333 1599 447 1658 inversa
470 1600 540 1660 etin
555 1615 629 1675 aqua
647 1598 730 1672 sidit,
755 1615 829 1674 quae
846 1595 979 1675 probatio
996 1599 1058 1658 eius
1072 1602 1190 1674 gemina
1222 1645 1224 1651 .

92 1679 1188 1756 ,mmmmmmmmwfflmwmfflmm

185 1763 237 1840 gili
261 1773 358 1842 crusta
385 1765 507 1824 evenit«
524 1773 552 1824 et
575 1774 660 1842 gustu
690 1763 929 1844 deprehenditur,
962 1763 1090 1826 carbone
1118 1783 1188 1826 vero

186 1846 265 1923 quod
286 1864 354 1907 cera
374 1848 530 1925 resinaque
552 1849 740 1910 adulteratum
756 1857 816 1923 est,
840 1850 968 1926 nigriore
984 1849 1106 1909 hlamma.
1127 1869 1187 1910 nam

144 1927 1214 2010 immmomnmncom.mommomnmommmspeccas

99 2013 1186 2094 *mmmmwmmwmmfflmmmma

186 2096 347 2158 adulterata
362 2097 420 2159 olei
432 2099 518 2160 modo
533 2101 639 2160 innatat
654 2109 693 2177 et,
706 2101 730 2160 si
745 2101 872 2178 metopio
887 2101 983 2161 vitiata
1001 2109 1057 2176 cst,
1077 2101 1186 2162 circulo

185 2181 308 2244 candido
330 2183 462 2260 cingitur.
501 2202 609 2244 summa
630 2193 674 2244 est
694 2183 828 2262 probatio
849 2192 880 2244 ut
901 2184 948 2245 lac
966 2184 1123 2262 coagulet,
1161 2187 1186 2244 in

184 2275 268 2326 reste
283 2268 412 2328 maculas
427 2285 485 2327 non
500 2267 596 2328 iaciat.
628 2286 683 2328 nec
697 2267 876 2328 manifestior
891 2267 1058 2346 eliminans,
1077 2270 1186 2348 quippe

184 2349 299 2409 milibus
319 2349 466 2411 denarium
481 2353 615 2427 sextarii,
638 2353 725 2431 empti
747 2352 892 2412 vendente
913 2353 985 2412 iisco
1001 2353 1122 2412 tricenis
1138 2353 1229 2413 ‹le-²⁵.

185 2433 291 2506 uariis,
307 2443 443 2506 veneunt.
475 2436 629 2496 intantum
654 2436 773 2514 expedit
794 2436 884 2499 licere
908 2445 1066 2497 auctorem.
1102 2436 1185 2512 xylo-

185 2512 316 2574 balsamo
333 2518 456 2592 pretr'um
471 2519 499 2576 in
516 2518 605 2579 libras
619 2517 647 2576 X
661 2538 688 2577 v.

68 2597 1185 2682 ·mfflmmmffimmwm

131 2680 1185 2762 'mmmfflmfflwwmmMmMfflm

185 2771 320 2822 montem.
351 2765 437 2828 arhor
455 2778 500 2828 est
514 2769 617 2848 eodem
633 2771 762 2846 nomine,
780 2781 905 2831 cotoneo
920 2772 996 2831 malo
1013 2772 1130 2848 similis,
1148 2774 1210 2834 last

186 2847 293 2909 crimus
318 2865 356 2908 ex
378 2859 495 2910 austero
519 2851 633 2914 iucundi
653 2855 767 2930 odoris,
792 2855 865 2916 intus
881 2855 1036 2914 similitudo
1052 2855 1184 2918 harundi-

185 2930 245 3006 nis,
268 2947 338 2990 suco
355 2949 508 3010 praegnas.
534 2938 562 2995 in
584 2936 658 2996 hanc
680 2939 758 2997 circa
776 2940 855 3000 canis
872 2948 952 3001 ortus
971 2937 1112 3000 advolant
1128 2943 1184 3020 pin·

144 3016 260 3077 125nati
271 3015 420 3076 vermiculi
432 3020 604 3094 erodentes,
621 3021 658 3079 oh
670 3021 698 3080 id
716 3021 806 3081 scohe
822 3023 975 3084 sordescit.
1005 3023 1118 3098 Styrax
1130 3025 1184 3086 lau·

186 3097 269 3160 datur
283 3108 349 3178 post
373 3118 460 3177 supra
481 3102 556 3162 dicta
577 3121 613 3162 ex
634 3104 753 3180 Pisidia,
775 3106 900 3182 Sidone,
927 3103 1043 3183 Cypro,
1073 3105 1185 3182 Cilicia,

186 3179 273 3242 Creta
294 3184 431 3259 minume,
454 3201 492 3242 ex
507 3185 616 3247 Amano
633 3189 735 3264 Syriae
757 3188 891 3266 medicis,
912 3189 965 3250 sed
986 3193 1209 3266 unguentariise

184 3268 285 3354 magis.
315 3267 398 3328 colos
414 3269 443 3326 in
465 3286 643 3350 quacumque
658 3275 772 3332 natione
795 3275 958 3352 praefertur
975 3274 1056 3334 ruins
1079 3284 1111 3352 et
1127 3278 1183 3356 pin·

185 3351 279 3422 guiter
291 3349 401 3426 lentus,
420 3351 548 3412 deterior
559 3355 721 3416 iuriurosus
735 3365 764 3416 et
776 3374 848 3416 cano
859 3359 913 3417 situ
929 3356 1083 3418 obductus.
1106 3358 1183 3418 adul·

186 3437 295 3490 teratur
316 3434 395 3496 cedri
415 3436 511 3496 resina
530 3437 578 3496 vel
601 3442 716 3516 cummi,
746 3438 817 3500 alias
838 3442 925 3501 melle
954 3452 1002 3500 aut
1022 3441 1182 3520 amygdalis
