2444 3910
159 135 212 230 tt
519 179 549 228 c.
566 179 663 230 entur
679 177 829 228 amusos

170 333 202 394 Ρ.
225 333 349 404 Rutilias
370 331 473 397 nerto
496 332 556 402 lert
576 334 720 412 hpeditua
743 336 874 398 namara
893 329 991 394 tresis
1005 325 1148 405 repulsa
1166 325 1208 388 ὶιῚ

173 416 339 480 consulatus
358 417 499 496 petitione
523 416 603 482 illico
626 419 802 496 exspiravit..
831 417 861 480 Ρ.
888 413 1022 476 Catienus
1049 389 1209 472 Plotiul

171 512 321 580 patronum
344 502 418 564 adeo
441 500 543 566 dilexit
563 509 594 563 nt
610 501 697 564 heres
721 501 851 566 omnihus
874 499 957 560 honis
978 492 1190 558 natimns'n

171 603 272 664 rogum
288 585 351 646 eins
366 604 399 646 se
417 586 538 646 iaceret.
1007 583 1033 630 δ
1174 657 1179 672 Ι

129 678 181 734 lat
230 669 280 730 37.
302 667 385 748 (37.)
426 667 576 731 Varianam
600 669 701 730 artium
723 670 844 730 scientia
869 661 1112 726 nnnnerabiles
1137 674 1204 720 east

170 762 270 828 tuere,
288 769 362 830 quos
378 761 473 810 tamen
490 752 590 828 attingi
608 769 660 829 par
676 754 712 812 sit
728 752 830 814 forero
844 751 988 812 honnus
1003 743 1190 806 libantibus:

169 837 330 912 astrologia
351 833 480 894 Berosus
497 835 542 894 cui
563 833 602 896 oh
619 834 728 898 divinas
750 835 965 914 praedictiones
980 829 1190 891 Athenienses

170 919 287 998 publice
307 920 334 978 in
350 917 500 994 gymnasio
516 925 637 977 statuam
652 920 780 980 inaurata
796 919 892 994 lingua
910 923 1068 987 statuere,
1098 927 1191 987 gratn-

169 1003 274 1062 rustica
292 999 491 1078 Apollodorus
510 1003 555 1060 cui
570 1000 799 1079 Amphictyones
816 1001 955 1062 Graeciae
971 997 1134 1058 honorent
1146 993 1188 1054 ha·

170 1085 278 1158 buere,
295 1082 489 1162 Hippocrates
504 1084 655 1143 medicina.
685 1087 848 1146 venientem
864 1084 899 1144 ah
914 1079 1023 1157 Illyriis
1039 1077 1209 1158 pestilera

49 1227 51 1235 ,
170 1170 238 1228 tiam
255 1165 396 1244 praedixit
411 1167 630 1245 discipulosque
645 1169 681 1230 ad
692 1169 884 1230 auxiliandam
900 1168 980 1228 circa
992 1163 1098 1225 urbes
1114 1159 1188 1222 disni-

171 1253 224 1326 sit,
253 1249 330 1327 quod
356 1248 394 1310 ob
420 1252 549 1310 meriton
577 1251 706 1312 honores
731 1252 773 1312 illi
801 1269 875 1330 quos
900 1249 1020 1310 llerculi
1049 1243 1187 1306 decrevi

170 1333 303 1394 Graecia.
341 1333 461 1393 eandem
484 1335 681 1396 seleucianis
702 1333 891 1396 Cleombroto
912 1332 974 1392 Ceo
992 1331 1187 1392 Ptolemaeo

170 1435 224 1477 rex
240 1415 455 1493 Megalensibus
477 1419 569 1477 sacris
591 1416 707 1479 donavit
724 1431 744 1480 c
761 1419 876 1480 talentis
898 1423 1013 1478 serrato
1033 1410 1184 1474 Antiocho

130 1511 270 1576 tutrege.
303 1517 406 1575 magna
429 1509 458 1558 et
475 1497 626 1561 Critobulo
643 1501 718 1564 farra
737 1513 784 1562 est
804 1510 935 1562 extracta
952 1497 1089 1578 Philippi
1112 1495 1207 1570 repitit

171 1583 258 1644 oculo
273 1583 378 1658 sagitta
394 1592 423 1643 et
439 1584 508 1644 citra
526 1584 735 1647 deformitatem
757 1588 816 1646 orie
837 1594 935 1646 curata
951 1582 1088 1645 orbitate
1108 1577 1181 1642 lnatt'·

171 1667 230 1738 nis,
248 1683 355 1726 summa
378 1675 472 1726 autem
496 1667 667 1746 Asclepiadi
685 1668 832 1732 Prusiensi
851 1667 966 1730 condita
989 1683 1073 1728 nova
1094 1670 1183 1732 sectr,

171 1749 278 1827 spretis
300 1749 405 1826 legatis
426 1759 455 1809 et
477 1749 733 1829 pollicitationibus
748 1751 919 1815 llithridat'cs
939 1751 1038 1826 regis,
1063 1751 1180 1825 reperta

170 1833 282 1892 ratione
298 1850 355 1910 qus
371 1835 466 1894 vinum
482 1836 581 1909 aegris
599 1835 781 1912 mederetur,
801 1837 896 1898 relato
911 1853 929 1893 e
945 1835 1050 1894 harere
1069 1830 1181 1894 homine

172 1924 202 1974 et
219 1924 410 1990 conservato,
427 1915 479 1976 sed
497 1933 629 1978 rnexnrne
645 1922 802 1996 sponsione
818 1921 896 1980 facta
910 1935 974 1978 cunr
990 1917 1135 1988 fortuna,
1148 1925 1201 1972 ata

171 1997 300 2058 medicus
323 1999 509 2073 crederetur,
531 2001 555 2058 si
576 2018 707 2078 unquam
727 2003 868 2064 invalidas
889 1999 1064 2062 ullomodo
1084 1999 1179 2060 fuisset

171 2083 247 2160 ipse.
270 2089 299 2140 et
313 2081 383 2142 vicit
398 2099 533 2160 suprema
549 2083 577 2141 in
592 2094 712 2144 senecta
729 2087 812 2163 lapsu
827 2085 970 2144 scalarum
985 2085 1179 2144 summetur·

129 2173 180 2228 1²5
231 2164 316 2245 (38.)
353 2165 467 2226 Grande
489 2175 518 2224 et
540 2164 706 2228 Archimedi
728 2170 928 2244 geometricae
951 2184 986 2226 ac
1008 2161 1177 2228 nactust·

118 2295 126 2310 .
171 2249 311 2310 scientiae
334 2250 526 2310 testinnonium
551 2248 591 2308 ll.
616 2249 746 2311 Marcelli
768 2253 889 2327 contigit
915 2249 1097 2326 interdicto,
1123 2261 1177 2306 cnm

120 2315 135 2348 ⁶
171 2333 334 2406 Syracusae
350 2341 542 2409 caperentur,
559 2350 595 2390 ne
609 2333 767 2393 violaretur
780 2353 869 2407 unns,
885 2335 941 2392 nisi
954 2333 1124 2394 fefellisset
1134 2332 1197 2390 int

171 2417 282 2492 periuro
307 2415 437 2473 militaris
458 2415 648 2489 inprudentia.
688 2415 831 2478 Laudatus
853 2427 897 2478 est
921 2426 952 2476 et
978 2415 1176 2495 chersiphron

172 2493 295 2554 Cnosius
324 2495 398 2554 aede
419 2493 531 2570 Ephesi
559 2495 670 2556 Dianae
699 2499 858 2560 adnrirahili
886 2499 1048 2574 fabricata,
1082 2497 1175 2560 Philon

171 2575 293 2634 Athenis
319 2577 537 2636 emunctorio
559 2577 638 2636 nrille
662 2585 793 2658 ιιιίιιιι,
819 2581 969 2644 Ctesibius
997 2581 1175 2662 pneumatica

171 2657 283 2716 ratione
302 2665 333 2714 et
354 2657 531 2729 hydraulicis
546 2662 663 2734 organis
682 2669 823 2742 repertis,
847 2667 1033 2728 [thochres
1056 2673 1175 2729 metatus

172 2738 340 2798 Alexandro
358 2739 502 2800 condente
516 2742 544 2800 in
563 2741 701 2821 Aegypto
716 2748 932 2812 Alexandrian.
964 2753 1044 2812 idern
1064 2751 1117 2811 hie
1132 2750 1196 2806 inst

172 2828 291 2899 perator
310 2820 398 2880 edixit
423 2840 460 2880 ne
480 2825 544 2901 qu'n
566 2827 659 2903 ipsun
678 2829 751 2890 alias
773 2851 859 2911 qnater
881 2833 1010 2912 Apelles
1032 2836 1173 2913 pingeret,

173 2921 257 2982 quarn
273 2901 445 3000 Ptrgoteles
460 2907 623 2984 scalperet,
640 2929 725 2988 φιιιιι
737 2913 884 2994 lysippus
900 2936 941 2980 ex
955 2937 1027 2978 aere
1046 2919 1171 2983 duceret,

172 3004 247 3066 uuae
262 2993 341 3046 artes
355 2985 485 3063 pluribus
498 2991 662 3052 inclaruere
679 2999 831 3075 exemplis

132 3079 182 3134 ηδ
231 3067 282 3130 38.
305 3066 389 3146 (33.)
417 3067 550 3132 Aristidis
567 3073 696 3138 'fheltaai
716 3081 838 3156 pictoris
858 3103 943 3145 mar
964 3085 1095 3146 tahnlan
1113 3096 1169 3142 een

173 3159 231 3210 tana
246 3151 361 3212 talends
375 3169 430 3212 rex
446 3152 559 3214 Attalus
574 3157 669 3220 licitus
685 3171 748 3234 est,
765 3169 915 3241 octoginta
928 3171 998 3227 enit
1015 3170 1090 3228 dnae
1106 3165 1194 3226 Cae-³i

174 3249 221 3290 sar
236 3232 371 3304 dictator,
383 3231 507 3296 lediara
518 3247 548 3296 et
558 3239 678 3302 Aiacear
689 3241 875 3324 dinomachi,
888 3252 917 3310 in
928 3253 1042 3330 templo
1054 3244 1170 3311 Venerit

176 3309 336 3376 Genetricis
345 3318 500 3380 dicaturus.
520 3318 1049 3412 Candaulesmlialarehipictaranr
1060 3335 1169 3410 ΙΨ

176 3397 233 3450 ltrnr
249 3399 335 3474 eniti,
351 3400 417 3462 hant
431 3401 589 3464 nedioeris
604 3410 689 3484 spati,
705 3412 768 3488 pari
782 3417 919 3491 repandit
934 3437 1019 3480 aare.
1045 3417 1168 3480 meten
