2444 3908
259 175 340 222 nur.
357 173 448 224 ausu
465 174 540 223 ιιιι.
555 169 676 224 to—tt
694 161 847 240 (tl-ts)
1003 163 1042 224 tt

93 329 156 390 42.
173 330 258 409 (64.)
273 328 375 390 Eidem
382 327 664 407 hleuaadmetequt
674 345 777 406 magua
785 331 886 390 raritas
896 333 1025 414 contigat
1031 335 1088 394 154

11 413 231 491 Bucephalam
242 413 522 475 cumvocuruntsiue
532 412 568 472 ab
576 411 716 489 adspectu
725 422 808 473 torvo
819 415 880 472 siue
893 411 949 474 ab
941 418 1044 493 rnsigni

12 499 145 558 taurini
164 499 268 576 capitis
279 515 359 558 armo
374 497 508 576 inpressi.
532 496 671 557 tredecim
686 498 802 558 talemis
817 498 912 557 lerunt
926 517 963 558 ex
980 497 1044 560 Phi

13 582 127 642 lonici
140 580 285 643 Pharsalii
294 586 387 660 grege
404 591 528 660 emptum
545 581 630 640 etiam
643 589 702 640 urm
714 585 806 660 puero
820 591 908 660 capto
917 585 979 642 eius
994 585 1043 643 de-

16 683 118 726 core.
140 665 343 734 neminemhie
356 666 440 725 aliurn
453 681 536 744 quam
552 664 748 736 Alexandrum
760 669 843 744 regio
861 668 980 726 instratu
999 685 1044 726 or·

16 759 123 810 uatus
131 752 250 828 recepit
262 752 290 808 in
300 739 409 826 sedem,
422 750 557 814 alias
506 751 613 828 passim
625 751 781 831 recipiens.
798 751 910 810 idemin
924 751 1046 829 proeliis

19 843 223 894 memoratae
240 835 385 894 cuiusdam
399 833 568 912 perhibetur
584 851 704 912 operae,
721 831 882 896 Thebarum
895 851 1044 913 oppugna·
1131 837 1133 841 '

20 918 1046 998 tionevolueratusinaliumtransireAlexandrumuonpassus‚multa

23 1011 199 1082 praeterea
215 1003 343 1062 eiusdem
359 1003 452 1078 modi,
468 1011 590 1082 propter
605 1021 679 1081 quae
695 1021 749 1062 rex
765 1003 904 1064 defuncto
920 1005 946 1063 ei
967 1003 1046 1064 duxit

11 1111 14 1142 t
28 1089 204 1164 exsequias
222 1086 386 1165 urbemque
407 1087 516 1146 tumulo
532 1087 719 1148 circumdedit
733 1089 848 1146 nomine
865 1089 937 1147 eius.
967 1085 1086 1150 nocuas

29 1170 183 1232 Caesaris
201 1171 350 1253 dictatoris
373 1189 544 1248 quemquam
564 1171 815 1250 alium-recepisse
840 1172 928 1232 derso
955 1171 1053 1250 equos*

29 1255 182 1330 traditur,
202 1255 337 1334 idemque
359 1255 459 1314 similis
489 1254 612 1315 hominis
638 1255 736 1332 pedes
758 1257 874 1334 priores
897 1255 1045 1330 hahuisse,

30 1340 95 1398 hac
113 1339 216 1416 ciligie
235 1339 346 1400 locatus
372 1339 577 1400 antevenerit
595 1337 756 1400 Genetricis
776 1340 890 1400 aedem.
931 1340 1001 1400 iecit
1016 1349 1046 1399 et

32 1425 126 1483 divos
149 1423 298 1500 Augustus
319 1441 395 1502 equo
410 1422 559 1498 tumulum,
587 1423 623 1483 de
647 1440 704 1500 quo
729 1423 895 1484 Germanici·
911 1421 1045 1486 Caesaris
1074 1459 1103 1486 ,f

11 1525 162 1568 ecarmeu
181 1517 235 1568 est.
266 1507 421 1584 Agrigenti
443 1506 622 1586 conplurium
645 1525 785 1586 equorum
804 1508 903 1568 tumuli
921 1510 1044 1586 pyrami·

36 1593 94 1652 das
109 1591 227 1650 hahent.
253 1609 357 1670 equom
372 1593 533 1652 adamatum
546 1610 562 1652 a
577 1592 765 1652 Semiramide
780 1610 872 1669 usque
888 1592 924 1655 ad
939 1594 1045 1652 coitum

36 1675 114 1734 luha
128 1685 231 1734 auctor
245 1685 300 1735 est.
331 1675 460 1752 Scythici
485 1677 599 1756 quidem
621 1679 763 1754 equitatus
780 1693 919 1754 equorum
934 1677 1028 1754 gloria
1037 1686 1087 1740 156

39 1767 192 1838 strepunt:
217 1762 318 1820 occiso
334 1761 438 1838 regulo
460 1779 498 1820 ex
520 1763 731 1840 provocatione
749 1761 902 1822 dimicante
918 1759 1043 1835 hostem,

41 1861 109 1902 cum
124 1845 219 1903 victor
234 1844 268 1904 ad
285 1845 463 1924 spoliandum
479 1847 618 1922 venisset,
630 1844 755 1924 alteque
770 1847 832 1904 eius
847 1845 951 1906 ictibus
969 1861 1044 1905 mor·

11 1943 137 2005 usuque
159 1929 338 2005 conlectum,
365 1929 449 1990 alium
470 1929 600 1990 detracto
630 1927 780 1990 oculorum
809 1932 989 2008 operimento
1016 1937 1046 1988 et

42 2013 164 2088 cognito
185 2031 248 2072 cum
268 2021 360 2073 matre
384 2013 462 2074 uoltu
482 2015 602 2091 petiisse
625 2023 782 2092 praerupta
799 2022 884 2092 atque
901 2017 1044 2074 exanima-

41 2104 112 2155 tum.
136 2113 229 2174 aequa
244 2115 281 2157 ex
299 2115 386 2159 causa
401 2099 430 2156 iu
446 2096 567 2156 lleatiuo
580 2115 651 2174 agro
668 2099 826 2158 laceratum
841 2096 988 2175 prorigam
1004 2100 1044 2156 in·

42 2180 183 2240 venimus.
210 2199 331 2260 namque
348 2191 377 2241 et
400 2183 602 2259 cognationum
624 2183 790 2241 intellectus
821 2181 866 2240 his
883 2191 938 2255 est,
957 2191 1046 2259 atque

43 2267 73 2322 iu
87 2281 183 2342 grege
199 2267 305 2343 prioris
315 2267 386 2326 ,aaut
401 2282 534 2326 sororem
556 2265 691 2326 libentius
714 2266 798 2324 etiam
820 2283 905 2342 quam
926 2274 1045 2324 matrem

11 2359 122 2426 thequa
137 2351 297 2410 comitatur
326 2349 468 2410 Docilitus
483 2358 560 2410 tanta
582 2359 627 2408 est
648 2359 678 2408 ut
694 2349 845 2410 universus
865 2347 1026 2423 Sybaritani
1035 2355 1085 2410 157

46 2434 190 2494 exercitus
208 2437 352 2513 equitatus
369 2435 404 2495 ad
420 2433 624 2512 symphoniae
626 2442 738 2492 cantum
753 2433 906 2492 saltatione
922 2432 1044 2511 quadam

45 2534 154 2577 meren
148 2519 272 2580 solitus
288 2521 457 2580 invenietur
474 2519 560 2578 iidem
577 2510 762 2597 praesagiunt
776 2535 900 2596 pugnam
916 2527 945 2577 et
961 2518 1043 2576 amis·

48 2619 100 2660 sos
112 2604 210 2679 lugent
227 2605 368 2678 dominos,
385 2603 518 2664 lacrimas
535 2602 675 2663 interdum
690 2602 837 2662 desiderio
856 2602 984 2662 lundunt.
1001 2603 1043 2660 in·
1147 2658 1150 2673 ,

48 2685 170 2750 tertecto
180 2686 338 2747 Nicomede
351 2705 423 2764 rege
438 2705 531 2767 equos
546 2689 607 2746 eius
619 2687 715 2747 inedia
732 2687 818 2746 vitam
831 2686 930 2746 linivit.
952 2685 1026 2762 Phy·
1035 2692 1087 2748 158

18 2770 162 2832 starum
182 2772 274 2832 refert
293 2770 477 2832 Centaretum
499 2791 515 2831 e
537 2771 646 2834 Galatis
669 2773 696 2830 iu
718 2771 834 2848 proelio
858 2771 960 2830 occiso
984 2770 1042 2829 An·

50 2853 149 2913 ticcio
160 2857 279 2932 potitum
300 2873 376 2934 equo
393 2857 456 2916 eius
474 2854 681 2916 conscendisse
699 2863 843 2930 ovantem,
860 2864 888 2914 at
904 2855 984 2914 illum
1002 2855 1042 2912 iu·

52 2939 208 3036 dignatione
243 2957 396 3000 accensum
414 2939 528 3000 domitis
547 2939 648 3014 irenis,
671 2957 709 2998 ne
724 2941 787 3015 regi
801 2947 914 3017 posset,
930 2937 1042 3017 praeci-

35 3023 136 3120 upitem
150 3023 176 3081 in
196 3023 349 3101 abrupta'
341 3043 401 3084 usse
424 3026 673 3100 exanimatumque
694 3040 759 3082 uua.
789 3023 925 3084 Philistus
942 3020 1041 3080 aDio·

35 3099 130 3180 upsio
148 3107 303 3166 relietum
295 3127 323 3166 ιιι
339 3125 429 3168 caeno
445 3109 625 3183 haerentem,
647 3117 676 3166 ut
692 3125 761 3166 sese
779 3107 940 3181 evellisset,
957 3121 1041 3166 secu·

24 3197 106 3249 uum
120 3191 237 3268 vestigia
255 3192 361 3255 domiui
376 3195 508 3253 examine
524 3193 619 3271 apium
639 3191 724 3252 iubae
742 3190 921 3265 inhaerente,
946 3204 1043 3266 eoque

53 3275 80 3334 in
94 3284 202 3334 ostento
218 3277 396 3351 tyrannidem
412 3297 427 3337 a
445 3277 586 3352 Dionysio
603 3285 786 3355 occupatam.

112 3359 190 3438 (et.)
213 3359 332 3438 Ingenia
352 3377 452 3421 eorum
467 3359 679 3422 inenarrabilia.
701 3359 861 3420 iaculantes
884 3356 1082 3434 obsequialis

57 3445 232 3525 experiuntur
253 3445 380 3506 diliicilis
403 3455 522 3507 conatus
543 3461 670 3524 corpore
692 3445 758 3524 ipso
778 3443 904 3540 nisuque
921 3441 1039 3502 invitan·
