2444 3908
165 207 206 274 68
494 205 537 271 'c.
559 223 656 271 nunu
677 221 828 272 sacuam

167 376 318 436 exanimat
343 375 395 436 ille
413 385 513 436 contra
528 377 635 437 urinam
647 379 773 456 spargit,
798 376 924 456 prudens
950 375 1158 455 huncquoque

125 465 176 523 137
185 459 263 519 leoni
278 461 435 520 exitialem.
465 459 591 536 Lyncum
608 477 690 520 umor
704 461 742 521 ita
760 460 908 536 redditus,
927 460 979 522 nbi
999 461 1157 538 gignuntur,

166 541 308 619 glaciatur
329 545 473 604 arescitve
493 546 521 604 in
541 561 669 622 gemmas
692 544 875 606 carbunculis
897 545 999 605 similis
1028 555 1062 604 et
1085 547 1158 622 igneo

168 626 268 686 colore
282 626 430 704 fulgentis,
443 627 602 702 lyncurium
614 637 732 688 vocatas
747 638 834 707 atque
850 627 888 688 ob
906 625 939 664 **
954 630 1063 688 sucino
1082 629 1158 707 aple

165 711 265 790 risque
289 712 328 772 ita
348 713 483 788 generari
497 713 622 790 prodito.
661 731 769 773 novere
790 713 847 774 boe
875 714 1030 790 sciuntque
1054 713 1169 788 lyncea·

166 803 196 853 et
216 794 378 854 invidentes
397 796 505 854 urinam
526 805 603 856 terra
620 797 754 874 operiunt
768 813 864 875 eoque
881 796 1009 858 celerius
1028 797 1159 857 solidatur

124 877 241 941 1aettta.
270 877 336 937 Alia
351 877 482 938 sollertia
496 879 524 937 in
536 889 614 940 metu
628 880 760 940 molibus.
791 879 930 941 sublatae
948 881 1026 938 cutis
1044 881 1159 940 distentu

166 961 238 1021 ictus
254 959 397 1020 hominum
413 969 442 1020 et
457 979 569 1022 morsus
580 981 680 1024 canum
694 973 802 1024 arcent.
820 963 904 1042 (58.)
921 963 1089 1024 Providerat
1103 975 1159 1024 ten

166 1050 309 1122 pertatem
332 1052 363 1102 et
391 1045 478 1104 sciuri
505 1049 704 1126 optumtisque
725 1065 781 1125 qua
800 1049 959 1126 spiraturus
985 1057 1036 1106 est
1069 1059 1160 1110 ventus

166 1125 299 1184 cauernis
315 1143 353 1187 ex
369 1127 424 1187 alia
440 1138 522 1207 parte
538 1132 670 1208 aperiunt
684 1132 774 1191 iores.
803 1131 839 1191 de
863 1141 963 1191 cetero
988 1133 1069 1209 ipsis
1089 1129 1182 1192 villeir

166 1209 227 1268 sior
242 1208 332 1270 cauda
352 1227 405 1290 pro
425 1213 651 1290 tegimentoest.
674 1231 746 1291 ergo
765 1216 794 1274 in
808 1214 918 1276 hiemes
933 1214 999 1276 aliis
1017 1220 1161 1294 provisus

166 1290 311 1370 pabulum,
327 1293 390 1354 aliis
404 1313 458 1374 pro
473 1296 539 1357 cibo
555 1314 681 1357 somnus.

124 1386 177 1440 139
245 1375 295 1438 39.
313 1377 398 1456 (59.)
426 1381 607 1459 Serpentium
632 1383 735 1460 vipera
756 1382 820 1442 sola
840 1391 918 1442 terra
939 1383 1052 1442 dicitur
1074 1383 1162 1455 cond,

165 1470 285 1521 ceterae
299 1461 433 1522 arborum
452 1473 500 1524 aut
511 1482 646 1524 saxorum
665 1466 752 1525 cavis.
784 1475 813 1524 et
826 1465 899 1526 alias
916 1465 963 1526 vel
980 1483 1083 1542 annpa
1098 1469 1162 1527 iane

164 1546 267 1606 durant
281 1545 383 1621 algore
393 1547 478 1608 modo
490 1548 617 1626 dempto.
645 1551 738 1609 omnia
751 1565 888 1608 secessus
900 1559 1036 1626 tempore
1054 1565 1186 1612 venenata

167 1626 238 1686 orba
258 1627 408 1688 dormiunt.
442 1631 527 1692 simili
541 1633 627 1692 modo
643 1640 671 1692 et
687 1633 819 1707 cocleae,
841 1632 909 1693 illae
926 1633 1048 1712 quidem
1069 1637 1163 1694 iterun

166 1717 196 1770 et
215 1710 373 1771 aestatibus
397 1713 587 1775 adhaerentes
618 1733 749 1776 maxume
773 1717 850 1778 saxis
874 1726 921 1776 aut
949 1717 1037 1776 etiam
1069 1720 1163 1778 iniuria

123 1795 363 1872 lloresupiuatao
384 1797 574 1876 avulsaeque,
591 1809 757 1860 nontamen
773 1809 924 1860 exeuntes.
955 1801 984 1857 in
1000 1799 1164 1860 Baliaribus

164 1893 236 1936 uero
247 1878 347 1938 insulis
358 1881 505 1940 cavaticae
518 1882 682 1958 appellatae
699 1900 754 1943 non
770 1891 929 1961 prorepunt
941 1900 957 1941 e
971 1885 1057 1942 cavis
1072 1894 1164 1944 terrae

164 1977 258 2038 neque
279 1961 369 2023 herba
386 1963 494 2038 vivont,
510 1965 562 2024 sed
578 1983 651 2026 uuae
664 1965 749 2028 modo
767 1969 842 2027 inter
858 1986 889 2026 se
908 1965 1083 2027 cohaerent.
1117 1966 1191 2028 lton

164 2052 194 2104 et
210 2044 287 2106 aliud
301 2063 393 2123 genus
414 2048 506 2124 minus
527 2048 649 2126 volgare
672 2050 847 2113 adhaerente
867 2050 1009 2129 operculo
1032 2051 1165 2110 eiusdem

165 2136 258 2188 testae
275 2147 308 2188 se
333 2131 480 2211 operiens.
514 2131 634 2192 obrutae
656 2143 733 2196 terra
754 2152 871 2213 semper
892 2134 946 2194 bae
964 2142 992 2193 et
1007 2135 1165 2195 circa-ma·

163 2203 270 2274 r‘itimas
284 2222 390 2274 tantum
407 2214 491 2294 Alpis
513 2218 655 2296 quondam
674 2217 801 2278 effossae
826 2235 955 2295 coepere
979 2218 1035 2276 iam
1056 2219 1167 2278 ernist

164 2297 192 2356 in
205 2295 331 2358 Literna.
355 2300 478 2361 omnium
488 2309 583 2360 tamea
598 2301 812 2362 laudatissimae
826 2302 855 2360 in
865 2300 1045 2379 Astypalaea
1060 2301 1165 2362 insula.
1208 2301 1209 2306 ’

121 2389 171 2444 141
242 2381 325 2459 (60.)
348 2381 505 2458 Lacertae,
531 2386 753 2444 inimicissimum
767 2403 858 2461 genus
877 2383 1002 2458 cocleis,
1019 2394 1191 2462 neganmrs

163 2474 334 2524 semestrem
361 2467 448 2527 vitam
475 2468 632 2528 excedere.
662 2468 764 2528 lacerti
792 2466 918 2530 Arabiae
949 2467 1112 2544 cubitales,
1140 2471 1166 2526 in

162 2543 260 2606 lndiae
271 2563 342 2606 vero
355 2546 433 2621 Nysa
446 2559 542 2610 monte
554 2564 658 2611 xxnn
669 2554 698 2610 in
709 2551 915 2628 longitudinem
927 2552 1043 2630 pedum,
1057 2550 1165 2614 colore
1213 2567 1215 2589 ¹

164 2625 236 2686 lulvi
251 2638 298 2686 aut
315 2631 430 2706 punicei
442 2641 490 2690 aut
505 2633 643 2694 caerulei.
1211 2667 1214 2730 q

122 2715 174 2770 1ta
243 2711 292 2770 40.
310 2712 393 2792 (61.)
417 2713 463 2774 Ex
477 2714 522 2774 bis
544 2733 659 2794 quoque
673 2719 841 2779 animalibus
852 2736 928 2797 quae
943 2719 1099 2778 nobiscum
1114 2720 1165 2780 de·
1212 2731 1214 2766 t

162 2801 233 2870 gunt
249 2794 336 2856 multa
358 2807 422 2857 sunt
440 2800 557 2876 cognitu
574 2800 674 2878 digna,
698 2802 952 2887 fidelissimumque
974 2811 1041 2862 ante
1067 2769 1215 2864 omniaul

163 2877 269 2937 bomini
292 2880 370 2938 canis
393 2891 478 2961 atque
495 2901 596 2961 equos.
629 2884 939 2962 Pugnasse'adversus
965 2887 1098 2946 latrones
1117 2905 1164 2946 ca·
1212 2879 1214 2969 l

149 2979 227 3022 *nem
246 2979 299 3040 pro
320 2962 434 3024 domino
456 2971 621 3047 accepimus
642 2969 862 3048 coniectumque
884 2970 978 3050 plagis
998 2987 1014 3028 a
1033 2985 1164 3048 corpore
1211 2969 1212 2973 ’

162 3065 219 3108 non
234 3048 407 3123 recessisse,
425 3051 560 3111 volucres
577 3062 606 3111 et
619 3052 698 3112 ieras
715 3053 889 3130 abigentem.
906 3053 941 3114 ab
957 3054 1013 3114 alio
1029 3055 1058 3112 in
1069 3052 1164 3133 ldpiro
1210 3126 1212 3144 1

158 3129 288 3208 'agnitum
311 3133 338 3190 iu
361 3143 503 3194 conventu
523 3154 726 3215 percussorem
748 3139 852 3198 domini
874 3137 1038 3215 laniatuque
1066 3146 1098 3196 et
1122 3138 1164 3197 la·
1209 3153 1211 3198 3

83 3209 90 3224 '
162 3222 390 3276 tratucoactum
411 3217 495 3278 lateri
514 3221 620 3280 scelus.
659 3221 855 3282 Garamantum
876 3240 977 3298 regem
996 3239 1088 3282 canes
1113 3222 1192 3283 du·s

121 3304 172 3360 143
179 3301 254 3359 ceuti
269 3299 305 3360 ab
318 3300 421 3360 exsilio
433 3302 576 3364 reduxere
590 3305 724 3381 proeliati
737 3315 835 3368 contra
847 3305 1020 3366 resistentis.
1039 3315 1165 3384 propter
1208 3346 1209 3349 κ

161 3379 239 3442 bella
257 3381 431 3464 Colophonii
447 3387 571 3466 itemque
590 3386 815 3450 Castabalenses
837 3390 973 3452 cohortes
994 3407 1097 3450 canum
1112 3389 1163 3450 lna·

126 3542 128 3546 .
163 3460 265 3526 buere.
296 3467 351 3528 bae
373 3471 481 3548 primae
505 3471 677 3534 dimicabant
698 3475 727 3531 iu
744 3475 806 3532 acie
822 3491 971 3552 numquam
995 3473 1161 3534 detrectan-

15 3729 85 3762 Δ,
211 3739 213 3741 “
255 3733 277 3749 ”“
