2444 3908
238 198 319 246 nau.
341 199 431 247 nunu.
451 195 661 250 11111141.
680 187 833 268 (lo—16.)
999 188 1040 252 11)

5 351 167 430 phanias
187 349 224 409 alt
247 352 282 410 iis
298 351 375 412 etttn
394 353 578 434 siccatosque
598 352 754 416 concidere
773 364 802 414 et
817 355 959 418 dracones
976 359 1043 418 ins-¹

5 436 152 494 larinates
169 437 291 513 opprimi
312 439 508 517 conmunique.
595 481 598 488 .

106 518 156 578 13.
176 519 259 598 (13.)
282 519 407 580 Generat
422 519 576 599 Aethiopia
595 521 700 582 indicis
720 539 823 602 pares,
844 524 976 582 vicenum
992 543 1039 584 ou·
1048 535 1081 586 35

5 603 175 687 laicorum.
188 602 221 661 id
237 604 322 664 modo
338 607 447 684 mirum,
463 605 537 664 unde
556 607 690 666 cristatos
701 607 770 666 lulta
786 605 949 666 crediderit.
966 607 1039 668 Asa·
1081 663 1083 675 ,

5 687 124 746 cinaei
142 697 281 746 vocantur
293 687 454 768 Aethiopes
470 689 545 770 apud
562 707 634 767 quos
648 707 780 752 maxume
795 699 958 765 nascuntur,
976 709 1038 750 nar-

5 779 164 849 rantque
188 772 217 828 in
243 771 389 832 maritimis
417 789 516 832 eorum
544 783 700 852 quaternos
726 776 886 853 quinosque
912 777 986 835 inter
1006 793 1039 834 sc

5 857 162 916 cratium
184 855 271 914 modo
289 855 425 934 inplexos
445 859 552 916 erectis
567 859 716 937 ·-capitibus
727 857 908 921 actitemus
924 859 960 919 11
979 877 1025 917 me

5 940 113 1004 liora
130 938 237 1016 pabula
252 939 379 999 Arabiae
394 940 461 999 vehi
480 940 623 1000 ductibus.
1014 971 1016 974 ·
1125 985 1126 988 ,

106 1025 156 1082 14.
176 1023 260 1104 (14.)
284 1022 490 1100 Megasthenes
516 1025 616 1084 scribit
639 1025 760 1090 inludia
778 1028 920 1104 serpentis
936 1028 1080 1090 11111136

5 1117 95 1168 tum
111 1107 335 1183 magnitudinem
350 1109 525 1168 adolescere
539 1117 571 1168 ut
586 1109 697 1184 solidos
710 1109 842 1170 hauriant
856 1127 961 1170 ceruos
978 1119 1037 1170 tau·

11 1209 163 1270 rosque.
198 1190 381 1251 Metrodorus
396 1195 473 1252 circa
489 1181 677 1268 Rhyndflum
692 1211 803 1254 amnem
826 1196 854 1252 ln
874 1195 965 1253 Ponto
993 1213 1038 1253 su·

12 1275 222 1355 pervolantis
245 1277 374 1354 quamvis
395 1277 454 1336 alte
476 1278 691 1360 perniciterque
716 1277 800 1336 alites
819 1277 921 1336 haustu
943 1287 972 1336 ut
988 1279 1037 1338 alt·
1176 1337 1178 1342 .

11 1369 142 1438 reptas
158 1357 341 1419 absorbeant.
370 1359 445 1419 Nota
467 1369 512 1420 est
536 1361 564 1419 in
583 1361 697 1422 Punicis
714 1361 799 1421 bellis
815 1361 851 1421 ad
866 1361 970 1422 llumen
984 1360 1079 1425 ttaat

16 1443 161 1522 gradum
178 1441 293 1520 Regulo
309 1446 485 1522 imperatore
503 1444 626 1504 ballistis
640 1447 848 1524 tormentisque
860 1455 890 1504 ut
902 1445 1039 1526 oppidum

16 1527 163 1605 aliquod
178 1537 341 1604 expugnata
360 1545 483 1606 serpeus
503 1539 574 1588 cxx
577 1529 701 1672 'pedum
724 1527 917 1606 longitudinis.
951 1529 1038 1607 pellit

19 1614 101 1670 eius
129 1611 326 1690 maxillaeque
354 1629 446 1690 nsque
472 1611 508 1671 ad
539 1611 576 1672 be
601 1631 647 1672 um
672 1611 870 1672 Numantinum
896 1613 1038 1674 duravere

18 1695 152 1754 Romae
169 1695 327 1774 intemplo.
351 1695 457 1755 iaciunt
471 1695 517 1754 lais
527 1697 612 1756 fldem
627 1695 749 1756 initalia
765 1697 929 1774 appellatae
945 1697 1039 1756 bovae

21 1781 59 1838 in
89 1787 199 1850 tantam
224 1779 436 1858 amplitudinem
459 1791 599 1840 exeuntes
620 1790 651 1839 ut
672 1780 738 1840 diuo
768 1779 889 1840 (ilaudio
908 1782 1037 1859 principe

22 1863 160 1924 occisae
178 1864 205 1920 in
220 1861 359 1923 Vaticano
376 1864 485 1924 solidus
501 1865 529 1922 in
545 1865 611 1924 alvo
627 1873 774 1943 spectans
790 1863 829 1923 sit'
840 1864 942 1924 iniens.
959 1865 1038 1924 aluu-

5 1957 82 2010 ttur
101 1947 188 2004 trime
204 1945 303 2006 bubuli
318 1947 403 2008 lactis
419 1963 501 2024 suco,
519 1949 594 2008 unde
609 1965 713 2008 noman
728 1957 858 2009 tranare

105 2031 155 2089 to.
178 2029 261 2110 (15.)
290 2028 460 2091 Ceterorum
483 2033 660 2108 animalium,
689 2049 765 2116 qnae
789 2032 875 2092 modo
899 2041 1081 2097 convectans

26 2115 168 2194 undique
183 2111 293 2174 ltaliam
309 2117 460 2192 contigere
476 2117 606 2193 saepius,
630 2116 737 2174 termas
759 2116 944 2176 nilnilnttinet
958 2133 1037 2175 scrut·

28 2200 147 2278 pulese
166 2198 290 2257 reierre.
329 2199 502 2277 paucissima
514 2197 639 2273 ›Scythia
660 2199 752 2275 gignit
773 2200 870 2279 inopia
892 2199 1037 2273 fruticum,

30 2301 134 2362 pauca
150 2283 324 2362 contermina
339 2282 381 2341 illi
396 2281 556 2355 Germania,
569 2283 691 2357 insignia
705 2292 799 2341 1111111
812 2281 899 2340 lacum
910 2281 1037 2340 tenorum

5 2383 162 2446 agenore,
181 2365 294 2426 iubatos
312 2366 433 2424 bicornis
453 2364 667 2442 excellentique
689 2366 718 2422 ni
739 2375 769 2424 et
783 2365 941 2424 uelocitate
956 2381 1035 2440 uros,

33 2450 146 2531 quibus
162 2451 320 2528 inperitum
344 2449 448 2525 uolgus
469 2447 638 2508 bubalorum
657 2465 763 2508 nomen
783 2451 908 2526 inponit,
932 2465 995 2508 eum
1009 2448 1037 2508 id
1158 2520 1166 2528 ι

33 2537 141 2612 gignat
153 2533 254 2593 Africa
266 2533 347 2592 rutuli
363 2533 458 2611 potius
475 2535 612 2615 cervique
631 2532 753 2610 quondm
768 2533 962 2596 similitudine.

103 2617 188 2697 (to.)
212 2618 380 2695 Septentrio
397 2617 454 2676 ient
477 2627 505 2676 et
521 2633 660 2696 equarum
675 2635 785 2697 greges
800 2617 938 2692 ier-orum,
964 2617 1079 2682 1111131

35 2703 185 2762 asinorum
212 2703 282 2762 Asia
302 2710 333 2760 et
354 2701 469 2776 Africa,
486 2711 638 2779 praeterea
655 2702 740 2761 alcen
756 2703 881 2762 inronce
904 2701 1036 2776 similem,

5 2787 67 2854 toni
91 2787 255 2863 proceritas
278 2785 385 2845 aurium
409 2793 439 2844 et
461 2786 585 2844 cervicis
607 2787 770 2862 distinguat.
804 2787 870 2844 itam
891 2795 985 2848 natam
1010 2785 1038 2842 in

37 2869 232 2930 Scandinaria
253 2870 344 2929 insula
365 2885 420 2928 nec
441 2887 572 2952 umquam
594 2873 683 2929 visam
706 2871 735 2927 iu
761 2869 915 2944 1111111,
942 2867 1037 2927 multis

38 2964 137 3014 tannen
158 2964 300 3014 narratam
322 2953 425 3012 achlitn
446 2953 514 3013 haut
535 2952 776 3026 1111111111111111,
804 2953 857 3012 sed
879 2953 958 3011 nullo
979 2950 1036 3009 sun

38 3038 185 3114 inaginnm
200 3038 293 3112 ile'nu,
318 3037 445 3120 ideoque
459 3054 517 3096 non
533 3037 694 3111 aulantem,
716 3035 769 3098 sed
785 3037 926 3096 adclinem
941 3033 1037 3094 111111

39 3117 68 3180 in
84 3137 200 3196 somno,
219 3139 312 3200 eaque
326 3123 417 3182 incisa
433 3121 599 3182 adinsidias
614 3121 690 3198 capi,
713 3119 785 3180 alias
800 3120 962 3180 velocitatis
978 3133 1036 3178 mc-

5 3213 181 3269 minoratae.
214 3205 322 3266 labrum
344 3209 371 3265 ci
390 3207 525 3284 superius
542 3204 732 3282 praegrande.
756 3203 794 3262 olt
815 3201 1036 3278 1111111111ἀί-

40 3299 86 3349 111
100 3293 130 3348 in
145 3290 304 3367 pascendo,
319 3307 356 3348 ue
372 3291 405 3348 in
416 3291 512 3367 priora
527 3290 650 3348 tendens
668 3289 839 3348 involvatur.
870 3285 993 3346 Tradunt
1009 3285 1080 3346 11111

40 3373 167 3434 Paeonia
182 3373 271 3433 ieram
282 3391 357 3453 quae
370 3373 496 3432 bonasus
507 3382 630 3432 vocetur
640 3375 743 3450 equina
756 3372 832 3444 iuba,
846 3381 943 3432 cetera
955 3377 1036 3427 tauro

43 3457 180 3532 similem,
203 3457 338 3518 cornibus
361 3458 399 3516 ita
414 3458 442 3515 in
463 3475 496 3516 se
510 3456 594 3518 danis
612 3466 640 3516 ut
659 3473 716 3517 non
739 3457 795 3514 sint
814 3457 892 3513 utilia
913 3470 1036 3532 pugnae.

85 3561 156 3600 nutu.
172 3562 234 3601 unu.
250 3562 319 3600 urst.
335 3545 368 3600 ΙΙ.
858 3539 878 3596 4
