2444 3908
177 195 219 256 46
523 203 552 252 c.
571 205 666 252 anun
682 203 831 251 secunus

180 364 350 422 iacerentur.
381 377 511 436 magnum
524 368 554 418 et
575 360 602 416 in
617 359 709 418 altero
731 357 899 418 miraculum
913 357 968 418 init
984 375 1045 418 uuo
1064 359 1189 419 ictuu-

181 448 253 519 cieo,
270 444 357 521 pilum
379 453 473 503 autem
496 443 549 502 sub
565 443 653 502 oculo
670 443 802 502 adactum
817 441 954 502 invitalis
970 443 1084 519 capitis
1099 459 1188 502 rene-

137 540 169 593 21
181 539 233 590 rat.
261 529 581 605 universieruptionem
597 535 788 605 temptavere,
801 543 859 585 non
874 526 937 585 sine
952 525 1121 586 vexatione
1135 542 1187 603 po-

181 613 249 690 puli,
263 612 445 672 circumdatis
463 610 578 670 clatbris
593 611 708 670 ferreis.
732 627 787 688 qua
802 610 838 669 de
855 626 942 670 causa
958 607 1078 668 Caesar
1097 611 1187 670 dicta-

180 707 225 756 tor
243 706 346 775 postea
361 695 453 754 simile
474 695 672 770 spectaculum
695 694 821 755 editurus
841 694 948 771 euripis
969 693 1118 754 harenam
1134 696 1204 754 cir-s

180 781 339 852 cumdedit,
363 795 436 856 quos
458 776 536 836 Nero
560 780 697 856 princeps
719 777 832 836 sustulit
856 779 943 855 equiti
967 777 1036 836 loca
1062 777 1184 838 addens

180 864 232 925 sed
248 862 413 940 Pompeiani
430 862 533 921 amissa
549 860 637 938 iugae
651 879 709 939 spe
722 861 950 921 misericordiam
968 861 1053 936 volgi
1071 864 1184 920 inenar-

178 946 261 1008 rabili
281 945 378 1004 babitu
398 954 572 1023 quaerentes
597 945 800 1024 supplicavere
836 943 958 1023 quadarn
978 962 1050 1003 sese
1077 945 1182 1006 lamen·

143 1041 145 1048 ’
179 1033 286 1090 tatione
309 1029 525 1106 conplorentes,
549 1038 627 1088 tanto
646 1029 745 1107 populi
760 1027 865 1090 dolore
881 1037 911 1086 ut
926 1027 1034 1088 oblitus
1057 1031 1183 1107 impera·

180 1115 250 1173 toris
266 1129 300 1171 ac
319 1112 528 1172 munificentiae
545 1112 646 1172 lronori
668 1130 720 1172 suo
737 1113 900 1189 exquisitae
921 1112 994 1172 ilens
1024 1115 1209 1172 universuss

179 1205 371 1272 consurgeret
388 1197 522 1274 dirasque
538 1195 675 1275 Pompeio
696 1213 767 1275 quas
782 1196 832 1256 ille
852 1213 920 1256 mox
941 1196 991 1256 luit
1011 1197 1181 1273 inprecare·

137 1290 236 1342 attur.
281 1295 448 1357 pugnavere
473 1290 502 1339 at
522 1277 643 1340 Caesari
669 1279 802 1340 dictatori
826 1281 912 1341 tertio
939 1279 1099 1340 consulatu
1124 1283 1181 1340 einr

179 1364 278 1444 viginti
299 1373 397 1424 contra
418 1365 532 1442 pedites
549 1365 738 1444 quingentos,
758 1365 919 1442 iterumque
942 1363 1066 1423 totidem
1093 1365 1180 1424 turriti

179 1469 241 1510 cum
263 1450 419 1526 sexagenis
443 1449 707 1526 propugnatoribus
729 1449 833 1512 eodem
859 1465 916 1526 quo
939 1448 1038 1526 priore
1060 1465 1180 1508 numero

180 1534 306 1613 peditum
326 1543 356 1591 et
372 1533 434 1611 pari
452 1534 576 1611 equitum
600 1550 637 1592 cx
657 1533 781 1594 adverso
798 1533 968 1605 dimicante,
993 1541 1107 1610 postea
1129 1534 1205 1592 sinu

179 1617 238 1693 guli
255 1616 431 1694 principibus
449 1614 569 1678 Claudio
591 1626 619 1675 et
634 1615 742 1678 Neroni
758 1619 786 1676 in
802 1617 1048 1676 consummatione
1071 1617 1179 1692 gladia·

136 1712 171 1765 23
183 1711 284 1760 torum.
316 1698 407 1777 lpsins
423 1701 551 1760 animalis
567 1710 644 1763 tanta
659 1710 789 1760 narratur
802 1702 953 1762 clementia
971 1708 1076 1760 contra
1092 1703 1180 1760 miuus

179 1783 292 1844 validos
307 1791 337 1841 ut
352 1785 379 1841 iu
393 1802 488 1861 grege
504 1784 644 1862 pecudum
664 1785 845 1844 occurrentia
868 1798 957 1844 manu
966 1784 1131 1860 dimoveat,
1149 1802 1179 1842 ne

68 1872 71 1887 ¹
180 1867 258 1947 quod
274 1874 388 1944 opterat
402 1869 567 1946 inprudens.
593 1887 648 1928 nec
662 1871 717 1928 nisi
738 1869 867 1929 lacessiti
888 1876 995 1928 nocent
1009 1868 1105 1946 idque
1123 1885 1180 1928 cim

180 1952 322 2028 gregatim
346 1969 462 2029 semper
490 1951 651 2026 ambulent,
684 1954 806 2012 minume
828 1971 865 2012 ex
887 1951 1018 2011 omnibus
1042 1953 1204 2028 solivagis

181 2033 510 2111 equitatu'circumveuti
528 2035 653 2096 infirmos
670 2047 717 2096 aut
731 2038 828 2098 iessos
843 2037 1051 2096 volneratosve
1075 2038 1109 2095 in
1126 2055 1179 2095 me

72 2181 74 2188 ,
180 2119 255 2178 dium
276 2135 380 2194 agmen
392 2120 544 2198 recipiunt,
561 2137 597 2180 ac
611 2121 689 2182 velut
702 2122 826 2200 imperio
849 2130 896 2180 aut
910 2121 1022 2180 ratione
1038 2139 1095 2198 per
1112 2122 1182 2182 vicis

181 2203 346 2262 subeuntes.

136 2301 170 2352 24
240 2286 269 2348 8.
297 2286 359 2367 (8.)
384 2287 467 2366 Capti
499 2289 651 2349 celerrime
675 2289 856 2350 mitificantur
885 2288 989 2348 bordei
1015 2303 1102 2346 suco.
1139 2305 1181 2348 ca·

178 2374 291 2450 piantur
312 2381 406 2432 autem
428 2374 456 2430 in
475 2371 554 2433 ludia
573 2391 656 2435 uuum
679 2391 716 2432 ex
733 2373 847 2432 domitis
860 2383 968 2450 agente
989 2381 1114 2432 rectore
1138 2372 1204 2450 quia

179 2453 392 2530 deprehensum
408 2455 566 2516 solitarium
582 2458 751 2517 abactumve
774 2475 790 2516 a
805 2475 897 2535 grege
919 2455 1061 2516 verberet
1076 2456 1180 2530 ferun,

179 2552 236 2612 quo
253 2535 373 2611 latigato
390 2540 566 2598 transcendit
581 2543 608 2598 iu
624 2559 688 2600 eum
708 2558 763 2601 uec
780 2551 866 2602 secus
894 2559 929 2600 ac
948 2541 1080 2619 priorem
1094 2542 1179 2618 regit

178 2617 279 2676 Africa
295 2616 391 2678 ioveis
407 2621 501 2698 capit,
524 2623 552 2680 in
567 2641 639 2701 quas
654 2623 806 2685 deerrante
822 2625 919 2704 aliquo
935 2625 1068 2703 protinus
1090 2624 1180 2684 ceteri

179 2711 339 2776 congerunt
353 2721 459 2780 ramos,
472 2705 557 2766 molis
572 2707 740 2783 devolvunt,
756 2727 881 2787 aggeres
894 2717 1074 2783 construunt,
1092 2710 1179 2768 ornui·

136 2795 236 2863 toque
259 2802 316 2862 ope
339 2797 478 2848 conantur
499 2791 662 2852 extrahere.
702 2803 767 2854 ante
789 2794 943 2854 domitandi
966 2793 1060 2870 gratia
1088 2807 1203 2870 aegeas

179 2869 305 2948 equitatu
322 2870 467 2948 cogebant
484 2874 632 2937 invallem
646 2878 848 2938 manufactam
864 2886 894 2937 et
910 2878 1000 2954 longo
1017 2884 1116 2939 tractu
1131 2877 1178 2936 iel·

62 2965 65 2974 “
178 2954 282 3026 lacem,
302 2955 381 3016 cuius
396 2957 523 3018 inclusos
540 2960 611 3038 ripis
631 2961 778 3040 iussisque
800 2962 875 3022 lame
893 2961 1059 3022 domabant.
1096 2979 1178 3040 argu

177 3047 301 3098 mentum
324 3049 386 3100 erat
402 3059 496 3101 ramus
517 3043 632 3104 bomine
655 3047 824 3124 porrigente
847 3045 1005 3106 clementer
1026 3055 1176 3124 acceptus.

178 3141 252 3183 nuuc
268 3122 393 3184 dentium
410 3143 497 3186 causa
512 3127 722 3204 pedeseornru
740 3129 899 3190 iaculantur
920 3129 1048 3206 alioquin
1067 3130 1177 3188 mollis·

105 3257 108 3274 ,
135 3217 170 3270 ab
181 3210 277 3270 simos.
312 3207 498 3285 Trogodytae
514 3213 682 3272 contermini
694 3212 885 3291 Aethiopiae,
905 3215 953 3291 qui
971 3213 1029 3272 hoa
1044 3214 1114 3272 solo
1130 3231 1204 3276 tre-au

127 3275 145 3314 ⁴
178 3301 243 3351 natu
259 3293 383 3369 aluntur,
401 3296 686 3372 propinquasitineri
708 3314 807 3356 eorum
822 3297 1020 3360 conscendunt
1042 3297 1176 3358 arbores.

178 3374 243 3434 inde
258 3380 346 3436 totius
364 3379 483 3454 agminis
499 3380 682 3440 novissimum
704 3381 846 3458 speculati
868 3389 1012 3440 extremas
1038 3382 1067 3440 ia
1086 3384 1178 3443 clunis

179 3455 324 3521 desiliunt.
359 3461 443 3523 laeva
458 3461 684 3541 deprehenditur
700 3464 799 3538 cauda,
819 3465 911 3542 pedes
932 3467 1074 3546 stipantur
1095 3469 1125 3526 in
1140 3469 1176 3528 si·
