2444 3910
214 171 241 204 ⁸
299 211 378 259 nur.
399 209 490 259 ιιιι.
507 209 568 257 vn.
587 204 673 261 ι-ι.
693 197 805 282 (ι-ι.)
983 271 986 288 ι
1032 201 1052 263 9

42 365 155 426 ferenti
178 375 208 440 et
228 365 342 426 iacilr'or
359 377 478 446 partus,
502 367 619 426 motus'
611 383 639 424 ιι
655 375 737 425 utero
757 367 977 444 quadragesimo
994 369 1050 430 die.

45 451 195 510 contraria
214 451 307 510 omnia
322 452 351 508 iu
366 451 459 511 altero
478 467 566 524 ιιιι,
590 450 764 526 ingestabile
781 467 870 526 onus,
887 470 1008 512 crurum
1024 463 1053 514 et

4 535 174 611 inguinis
198 525 400 610 revicturum,
423 537 530 614 primus
549 543 644 594 autem
665 535 854 610 nonagesimo
878 536 925 596 die
948 547 1051 597 motus.

45 616 276 696 scripturaruum
292 618 461 696 languoris'
454 639 481 678 ιι
496 627 622 696 utroque
637 634 709 677 sexu
725 618 858 696 capillum
873 623 1098 695 germinantelu

19 712 135 782 sparto
158 713 187 762 et
206 706 235 762 in
252 703 429 781 plenilunio,
448 699 527 782 ιιιιιιιι
549 711 661 781 tempus
686 702 780 774 editos
801 719 917 781 quoque
939 704 1053 764 infantis

24 789 210 866 ‘praecipue
231 788 357 848 infestat.
395 788 528 865 adeoque
550 788 681 846 incessus
703 795 789 864 atque
810 803 893 846 ornue
916 789 1053 867 quidquid

46 873 108 932 dici
124 879 221 949 potest
235 873 264 930 iu
280 873 399 949 gravida
414 872 531 947 relertp
544 879 574 930 ut
589 871 757 931 salsioribus
775 870 847 933 cibis
864 889 933 932 usae
953 890 1052 932 caren-
1150 886 1154 894 ·

46 965 109 1015 tens
123 956 283 1032 unguiculis
300 965 410 1034 partum
427 957 528 1031 edant,
548 965 576 1014 et
592 956 616 1014 si
631 956 816 1033 respiravere
834 954 980 1016 difficilius
995 958 1053 1016 eni·

46 1047 154 1099 tantur.
189 1041 322 1100 oscitatio
340 1041 453 1118 quidem
468 1041 496 1098 in
515 1041 600 1099 enixu
616 1039 710 1099 letalis
725 1049 786 1115 est,
804 1040 877 1098 sicut
895 1043 1053 1100 sternuisse

10 1139 66 1184 ιοι
84 1125 160 1182 coitu
175 1123 344 1185 abortivum.
846 1153 848 1158 ·

121 1209 149 1268 7.
195 1207 314 1268 Miseret
337 1217 424 1290 atque
451 1209 536 1268 etiem
561 1209 650 1307 pudet
676 1215 883 1266 aestumautem
908 1222 993 1286 quam
1017 1211 1099 1273 sit43

47 1291 156 1352 frivola
172 1293 333 1352 animalium
343 1292 542 1372 superbissimi
557 1294 656 1370 origo,
674 1309 737 1350 cum
749 1292 921 1392 plerumque
936 1292 1054 1352 abortus

49 1394 141 1436 causa
153 1376 226 1436 odor
240 1394 256 1437 a
271 1378 454 1449 lucernarum
468 1377 516 1436 ilat
532 1379 683 1436 exstinctu.
713 1376 757 1435 bis
772 1378 920 1454 principiis
934 1394 1053 1436 nascun-

49 1471 99 1521 tur
118 1463 231 1535 tyranni
239 1499 261 1536 ,-
276 1462 319 1521 bis
346 1461 475 1520 carnilex
502 1463 620 1520 animus.
663 1461 763 1539 tuqui
789 1463 922 1538 corporis
946 1460 1055 1520 viribus

13 1544 133 1620 aelidis,
156 1554 186 1604 tu
208 1547 255 1623 qui
277 1545 409 1604 lomense
429 1563 547 1605 munera
570 1545 745 1623 amplexaris
766 1551 795 1603 et
810 1553 839 1603 te
855 1563 892 1604 ue
914 1545 1055 1604 alumnum
1098 1555 1099 1558 ’

51 1630 169 1708 quidem
185 1631 419 1689 eius-existumas
435 1629 487 1688 sed
502 1639 630 1708 partum,
646 1637 675 1688 tu
693 1629 774 1687 cuius
790 1647 906 1706 semper
924 1631 1101 1693 tinctoria44

51 1721 99 1773 est
119 1730 217 1786 mens,
246 1721 275 1772 tu
296 1715 344 1792 qui
366 1723 393 1773 te
420 1714 504 1772 deum
528 1715 642 1788 credis,·
667 1713 763 1790 aliquo
787 1731 927 1772 successu
952 1723 1055 1789 tumes,

50 1797 121 1858 tenti
140 1798 238 1875 perire
254 1798 388 1874 potuisti,
407 1805 493 1876 atque
509 1799 593 1857 etiam
611 1797 698 1857 hodie
713 1798 831 1856 minoris
848 1807 950 1874 potes,
969 1813 1055 1875 quan·

49 1882 113 1942 tulo
126 1883 272 1960 serpentis
288 1883 360 1941 ictus
379 1882 481 1957 dente,
499 1883 644 1942 autetiam
659 1891 688 1940 ιι
700 1880 854 1940 Anacreon
869 1891 957 1960 poeta
973 1883 1056 1940 acino

2 1954 127 2026 'scevae
157 1981 279 2043 persae,
308 1975 339 2024 ut
366 1963 471 2024 Fabius
498 1967 622 2026 Senator
647 1975 765 2045 praetor
786 1968 814 2024 in
842 1966 925 2026 lactis
955 1967 1057 2024 liaustu

50 2064 110 2109 uno
127 2049 188 2127 pilo
204 2050 406 2126 strangulatus.
439 2051 464 2108 is
480 2051 591 2110 demum
607 2050 741 2128 prolecto
757 2051 843 2108 vitam
863 2067 956 2128 ecqua
972 2049 1056 2110 lance

8 2165 11 2171 ·
50 2134 210 2213 pensitabit
228 2137 276 2213 qui
292 2151 408 2211 semper
425 2135 586 2210 fragilitatis
601 2134 740 2193 humanae
755 2151 865 2192 memor
880 2134 975 2192 fuerit.

117 2218 146 2278 8.
171 2217 235 2296 (6.)
265 2217 297 2276 lu
317 2218 409 2295 pedes
431 2219 595 2296 procedere
621 2226 786 2276 nascentem
809 2225 908 2275 contra
930 2225 1102 2278 naturam45

51 2313 116 2377 est,
134 2319 192 2381 quo
205 2311 373 2380 argumento
387 2319 440 2360 eos
452 2301 642 2378 appellavere
652 2300 799 2376 Agrippas
814 2308 843 2358 ut
856 2301 936 2376 aegri
947 2309 1057 2376 partus,

18 2411 41 2452 ιι
52 2387 180 2468 qualiter
194 2383 232 2445 ll.
248 2386 407 2464 Agrippam
423 2386 517 2445 ferunt
536 2385 677 2461 genitum,
701 2385 787 2442 unico
802 2401 896 2461 prope
912 2383 1058 2442 felicitatis

53 2470 194 2548 exemplo
216 2471 252 2529 in
266 2469 398 2528 omnibus
418 2470 455 2528 acl
475 2468 550 2528 huuc
565 2468 679 2528 modum
700 2469 815 2544 genitis.
850 2484 1018 2545 quamquam
1034 2468 1059 2525 is
1132 2493 1133 2497 ,

53 2571 174 2634 quoque
190 2554 313 2615 adversa
330 2555 435 2632 pedum
450 2553 632 2628 valetudine,
653 2554 757 2612 misera
773 2553 905 2626 iuventa,
929 2552 1059 2610 exercito

53 2656 136 2699 aevo·
149 2641 223 2698 inter
238 2656 326 2698 arma·
343 2639 518 2715 mortisque,
543 2637 671 2697 obnoxio
693 2651 832 2712 accessu,
851 2634 958 2694 infelici
974 2637 1059 2694 terris

53 2725 147 2803 stirpe
160 2723 235 2782 omni
248 2723 300 2782 sed
311 2731 509 2801 perutrasque
518 2721 694 2800 Agrippinas
707 2737 851 2796 maxume,
866 2737 940 2800 quae
951 2718 1059 2794 Guium,

22 2823 130 2887 oquae
146 2807 300 2869 Domitium
315 2804 466 2866 Neronem
476 2808 624 2885 principes
638 2821 768 2883 genuere
784 2805 903 2864 totidem
918 2804 990 2863 iacis
1009 2821 1059 2879 ge·

52 2894 135 2952 neris
150 2891 279 2966 humaui,
304 2899 458 2969 praeterea
473 2890 617 2950 brevitate
638 2890 722 2964 aevi,
739 2890 982 2988 quinquagesimo
1002 2903 1059 2945 uuo
1068 2895 1104 2950 46

52 2985 155 3074 raptus
167 2991 242 3035 anno
253 2977 282 3034 in
293 2977 442 3036 tormentis
453 2973 657 3034 adulteriorum
667 2973 797 3050 coniugis
809 2973 964 3048 socerique
976 2987 1060 3049 prae·

52 3061 138 3138 gravi
154 3061 291 3136 servitio,
315 3058 403 3119 luisse
422 3060 569 3136 augurium
585 3058 769 3135 praeposteri
786 3056 887 3117 natalis
906 3056 1059 3114 existuma-

54 3155 112 3204 ιιι.
149 3142 295 3204 Neronem
314 3160 430 3222 quoque
451 3143 538 3222 paulo
559 3150 624 3201 aute
647 3142 810 3219 principem
824 3149 852 3199 et
872 3147 933 3198 toto
956 3137 1061 3214 princi·

2 3237 124 3308 ιιιιιι
154 3239 207 3288 ιιι
233 3229 348 3288 bostem
373 3230 490 3304 generis
517 3225 630 3286 humani
660 3223 783 3322 pedibus
808 3225 933 3301 genitum
962 3220 1061 3280 scribit

3 3328 165 3392 parens
189 3315 250 3372 elus
266 3312 436 3390 Agrippina.
482 3310 536 3370 ritu
558 3318 676 3369 naturae
699 3309 797 3388 sapite
819 3307 962 3367 hominem
982 3307 1061 3382 gigni

3 3419 5 3496 ι
53 3403 199 3472 moseri,
223 3395 347 3474 pedibus
364 3396 471 3456 efferri
551 3439 559 3454 .

129 3481 159 3542 9.
190 3480 254 3560 (7.)
299 3479 483 3560 Auspicatius
511 3487 613 3538 euecta
640 3485 761 3556 parente
788 3477 958 3552 gignuntur,
987 3475 1103 3537 ιιιιιιι

1216 3517 1218 3604 l
