2462 3900
309 165 310 170 ἵ
355 159 809 282 nar.n1su.xu11.a.a.(4.)
1017 199 1078 262 ato

77 350 198 427 supina,
221 347 340 412 Arretio
363 350 480 428 talpona
505 359 534 410 et
550 350 684 410 etesiaca
703 359 736 410 et
755 351 930 412 conseminat
947 352 1080 431 talpona

76 435 161 510 nigra
178 433 327 494 candidum
341 432 411 492 iacit
424 443 555 496 mustum.
582 430 709 494 etesiaca
724 433 824 494 fallax.
854 451 913 514 quo
926 435 993 513 plus
1003 437 1079 513 tulit,

76 519 135 578 hoc
151 516 321 578 laudabilius
337 516 444 592 fundit,
460 519 617 596 mirumque
634 518 810 580 fecunditate
828 519 982 598 pariteret
998 520 1079 582 boni·

76 610 138 661 tate
167 611 273 660 cessat.
319 604 485 682 consemina
513 605 593 680 nigra
620 604 687 661 vino
713 603 836 662 munuae
862 601 998 678 durante,
1023 618 1080 664 uta

49 700 224 760 smaxumc,
246 695 313 764 post
334 700 381 746 xv
401 686 464 746 dies
486 703 569 766 quam
590 685 649 746 ulla
672 685 728 746 alia
748 689 879 763 metitur„
901 687 1005 746 fertilis
1021 687 1078 746 ⁴sed

1 779 2 804 ³
78 769 196 830 cibaria.
232 769 315 829 liuius
338 770 408 832 lolia
435 771 518 830 sicuti
548 769 701 832 labruscae
728 771 806 848 prins
832 788 916 849 quam
944 769 1121 834 decidente?
1172 836 1183 858 .

1 851 3 888 ³
78 853 236 930 sanguineo
260 853 360 914 colore
384 861 534 916 mutantur.
572 855 669 914 creuit
692 854 750 914 hcc
771 863 800 914 et
824 853 993 932 quibusdam
1013 854 1078 915 aliis

1 939 2 1015 ᾗ
18 976 22 987 ·
76 937 206 1020 pessumi
227 940 344 1014 generis
364 947 541 1016 argumento.
571 937 667 998 itriola
682 937 818 998 Umbriae
832 937 1034 1017 blevauatique
1051 947 1080 998 ct

75 1021 186 1082 Piceno
200 1039 271 1098 agro
285 1022 443 1102 peculiaris
460 1032 522 1098 est,
544 1022 721 1082 Amiternino
738 1022 861 1100 pumula.
893 1023 997 1083 iisdem
1009 1020 1077 1082 ban·

36 1122 66 1163 ro
78 1106 180 1165 nanica
197 1104 287 1165 fallax
302 1116 362 1181 est,
383 1115 477 1167 amant
493 1115 588 1166 tamen
603 1123 677 1166 eam.
705 1105 842 1184 blunicipi
857 1124 940 1167 uvam
956 1103 1075 1184 Pompei
1086 1113 1122 1170 38

77 1191 194 1250 nomine
218 1189 385 1268 appellant,
408 1192 537 1268 quamvis
554 1187 679 1249 Clusinis
702 1189 907 1267 copiosiorem.
942 1190 1079 1268 municipi

79 1283 109 1334 et
128 1271 263 1354 Tiburtes
280 1273 488 1352 appellavere,
507 1274 641 1352 'quamvis
656 1273 837 1349 oleagineam
855 1291 948 1351 nuper
960 1275 1077 1333 invene-

77 1360 135 1418 rint
146 1375 162 1417 a
173 1357 355 1417 similitudine
372 1357 476 1418 olivae.
501 1355 657 1417 novissima
669 1355 743 1417 haec
758 1373 876 1424 uvarum
891 1357 927 1418 ad
938 1355 995 1417 boc
1007 1366 1077 1416 tem·

78 1461 135 1520 pus
152 1449 268 1519 reperta
291 1451 344 1500 est.
377 1441 552 1502 vinaciolam
570 1441 625 1500 soli
644 1449 786 1501 noverant
801 1440 918 1517 Sabini,
939 1440 1078 1501 calventi-

35 1541 65 1582 us
76 1544 143 1586 nam
158 1523 307 1586 Gaurani·
322 1528 384 1584 scio
406 1523 565 1586 exllalerno
586 1541 659 1602 agro
675 1523 793 1586 tralatas
815 1525 915 1587 vocari
929 1521 1078 1598 Falernas,

78 1609 232 1687 celerrime
254 1608 360 1688 ubique
379 1609 592 1690 degenerantis.
627 1627 681 1669 uec
703 1625 760 1667 non
775 1607 972 1672 Surrentinum
987 1626 1079 1686 gaurus

1 1717 4 1740 =
77 1694 166 1772 aliqui
184 1693 284 1754 iecere
300 1694 450 1771 praedulci
467 1711 532 1752 uva.
565 1694 687 1774 capnios
703 1702 733 1752 et
748 1691 970 1755 buccouiatiset
986 1701 1075 1752 tarru·
1088 1699 1123 1756 39

76 1781 128 1858 pia
143 1779 171 1836 in
186 1775 318 1838 Thurinis
336 1776 461 1840 collibus
475 1771 613 1840 uon'ante
630 1777 811 1840 demetuntur
821 1794 913 1856 quam
927 1776 1079 1855 gelaverit.

77 1861 198 1922 Pariana
226 1861 352 1939 gandent
371 1862 472 1938 Pisae,
491 1860 749 1940 llutinaprusinia
771 1863 856 1939 nigro
879 1862 980 1938 acino,
1007 1861 1079 1922 iutra

1 1969 9 1978 ¹·
34 1964 66 2004 oo
79 1945 303 2024 quadriennium,
314 1945 484 2009 albescente
496 1947 572 2007 vino.
601 1947 701 2006 mirum
714 1945 753 2006 ibi
768 1963 833 2006 cum
844 1945 908 2006 sole
924 1944 1080 2020 circumagi

79 2047 163 2090 rivam
187 2049 261 2108 quae
280 2029 317 2092 ob
337 2031 369 2090 id
388 2031 506 2108 streptis
521 2035 659 2104 vocatur,
676 2038 705 2090 et
716 2030 749 2090 iu
765 2027 847 2091 ltalia
863 2028 1079 2106 Gallicampla

79 2132 166 2191 cere,
186 2124 265 2174 trans
283 2113 368 2192 Alpis
389 2132 461 2191 sero
484 2113 628 2174 Picenum.
658 2111 729 2170 dixit
742 2110 891 2186 Vergilius
905 2111 1026 2172 Thasius
1051 2119 1081 2170 et

76 2197 256 2260 Mareotidas
278 2205 307 2256 et
330 2198 431 2273 lageas
453 2194 659 2272 complurisque
681 2201 833 2266 externas,
854 2210 929 2270 quae
955 2210 1013 2254 non
1034 2209 1079 2251 re·

1 2327 3 2334 ,
76 2283 228 2361 pariuntur
248 2283 276 2340 in
297 2279 387 2340 ltalia.
426 2279 477 2358 [el
507 2277 566 2337 Sed
592 2285 656 2338 sunt
680 2276 833 2361 ¹etiamnum
854 2277 982 2352 insignes
1004 2283 1124 2350 *oveto

34 2382 65 2424 as
76 2381 138 2426 nou
153 2367 232 2424 vino.
266 2363 442 2424 ambrosiae
465 2363 608 2424 duracinis
625 2363 688 2422 sine
704 2359 770 2420 ullis
791 2360 869 2420 vasis
892 2360 921 2418 in
933 2361 1093 2422 uite-sar·
1191 2425 1207 2443 a

1 2467 3 2504 i
75 2459 172 2510 vatur.
205 2457 281 2510 tanta
299 2457 343 2506 est
358 2457 459 2507 contra
474 2447 600 2524 frigora,
619 2453 718 2506 aestus
733 2451 981 2523 tempestatesque
996 2442 1080 2505 drmi-
1146 2478 1148 2481 v

1 2551 3 2588 t
75 2545 136 2596 tas.
166 2550 221 2594 uec
234 2532 430 2610 orthampelos
445 2531 554 2608 indiget
569 2531 675 2592 arbore
690 2537 737 2592 aut
754 2527 846 2606 palia,
869 2529 932 2606 ipsa
948 2545 982 2588 ae
997 2527 1080 2588 susti·

1 2636 3 2650 ’
75 2636 169 2693 nens,
190 2633 247 2679 uon
266 2617 336 2676 item
352 2615 513 2690 dactylides
536 2615 646 2693 digitali
661 2613 843 2692 gracilitate,
866 2611 1081 2680 columbinaee

1 2729 3 2754 ε
76 2701 339 2774 racemosissimis,
362 2709 391 2760 et
410 2702 502 2776 magis
518 2716 684 2778 purpureae
704 2697 877 2774 cognomine
890 2697 1080 2771 bimammiae,

1 2807 3 2842 i
36 2797 66 2840 oo
79 2786 196 2866 quando
212 2803 270 2849 uon
284 2801 417 2845 racemos
433 2785 487 2845 sed
497 2801 568 2851 uvas
581 2783 652 2844 alias
669 2789 782 2860 gerunt.
809 2783 879 2842 item
892 2780 1079 2859 tripedanea,
1090 2787 1122 2841 41

1 2891 3 2924 i
79 2871 129 2930 cui
143 2887 248 2930 nomeu
264 2885 427 2930 ameusura
446 2877 507 2943 est,
522 2868 590 2927 item
608 2866 736 2944 scripula
752 2881 840 2943 passo
858 2865 941 2929 acino
959 2873 989 2924 et
1004 2861 1081 2924 Rae·
1173 2886 1176 2895 ·

1 2998 3 3008 .
78 2953 140 3014 tica
161 2956 189 3013 in
204 2954 352 3015 maritimis
373 2951 498 3030 Alpibus
520 2950 684 3030 appellata,
705 2949 850 3010 dissimilis
870 2947 1008 3010 laudatae
1027 2945 1079 3014 illi.
1091 2963 1115 2997 το

1 3057 2 3094 i
78 3039 206 3118 bamque
220 3039 294 3098 baec
310 3037 425 3111 brevis,
442 3034 573 3094 conferta
588 3034 689 3108 acino,
702 3032 836 3112 'degener
849 3033 934 3108 vino,
948 3029 1003 3092 aad
1013 3037 1082 3090 cute

1 3141 2 3176 l
80 3125 208 3183 omnium
231 3122 415 3195 tenuissima,
437 3119 561 3194 nucleo,
591 3135 683 3196 quem¹
697 3113 803 3186 (litium¹
822 3118 945 3190 vocant,
969 3129 1025 3176 uno
1048 3128 1084 3172 ac

1 3233 2 3260 l
30 3208 225 3284 semicano,
247 3206 358 3266 acinum
375 3203 585 3282 praegrandem
606 3219 690 3262 uuum
711 3201 869 3277 alterumve
887 3198 1020 3258 babens·
1037 3203 1084 3256 est

83 3301 116 3354 et
130 3292 210 3368 nigra
225 3289 347 3350 Aminea
360 3331 369 3362 ,
388 3289 434 3347 cui
446 3289 583 3362 Syriacae
595 3302 699 3346 nomen
710 3287 865 3364 inponunt,
878 3283 945 3366 item
955 3281 1083 3360 Hispana

81 3375 253 3452 ignobilium
267 3371 478 3451 probatissima.
503 3370 554 3448 {e}
578 3368 609 3428 ln
621 3369 751 3448 pergulis
762 3385 834 3430 uero
846 3375 979 3426 seruntur
997 3381 1079 3426 esca·
1090 3372 1125 3425 42
1192 3386 1193 3389 ¹

25 3477 29 3484 ·
82 3461 147 3520 riae
164 3457 329 3537 appellatae
345 3473 362 3513 e
381 3455 541 3530 duracinis,
558 3453 659 3530 albae,
683 3453 803 3530 nigrae,
828 3450 995 3594 et1l÷qmasti
1015 3449 1080 3510 toti·
