<?xml version="1.0" encoding="UTF-8"?>
<!DOCTYPE html PUBLIC "-//W3C//DTD XHTML 1.0 Transitional//EN"
    "http://www.w3.org/TR/xhtml1/DTD/xhtml1-transitional.dtd">
<html xmlns="http://www.w3.org/1999/xhtml" xml:lang="en" lang="en">
 <head>
  <title>
</title>
<meta http-equiv="Content-Type" content="text/html;charset=utf-8" />
  <meta name='ocr-system' content='tesseract 3.04.00' />
  <meta name='ocr-capabilities' content='ocr_page ocr_carea ocr_par ocr_line ocrx_word'/>
</head>
<body>
  <div class='ocr_page' id='page_1' title='image "./cplinisecundina12plingoog_0073.png"; bbox 0 0 2444 3910; ppageno 0'>
   <div class='ocr_carea' id='block_1_1' title="bbox 181 225 843 288">
    <p class='ocr_par' dir='ltr' id='par_1_1' title="bbox 181 225 843 288">
     <span class='ocr_line' id='line_1_1' title="bbox 181 225 843 288; baseline -0.008 0"><span class='ocrx_word' id='word_1_1' title='bbox 181 225 222 288; x_wconf 86' lang='lat'>30</span> <span class='ocrx_word' id='word_1_2' title='bbox 523 237 553 287; x_wconf 88' lang='lat' dir='ltr'>c.</span> <span class='ocrx_word' id='word_1_3' title='bbox 575 237 671 286; x_wconf 77' lang='lat' dir='ltr'>entur</span> <span class='ocrx_word' id='word_1_4' title='bbox 693 233 843 286; x_wconf 77' lang='lat' dir='ltr'>saeuum</span> 
     </span>
    </p>
   </div>
   <div class='ocr_carea' id='block_1_2' title="bbox 18 387 1217 3314">
    <p class='ocr_par' dir='ltr' id='par_1_2' title="bbox 18 387 1208 892">
     <span class='ocr_line' id='line_1_2' title="bbox 18 387 1196 472; baseline -0.004 -20"><span class='ocrx_word' id='word_1_5' title='bbox 18 435 21 452; x_wconf 89' lang='lat'>.</span> <span class='ocrx_word' id='word_1_6' title='bbox 139 393 341 471; x_wconf 81' lang='lat' dir='ltr'>lttphoenice</span> <span class='ocrx_word' id='word_1_7' title='bbox 358 409 393 453; x_wconf 85' lang='lat' dir='ltr'>ao</span> <span class='ocrx_word' id='word_1_8' title='bbox 407 391 556 472; x_wconf 76' lang='lat' dir='ltr'>Nymphis.</span> <span class='ocrx_word' id='word_1_9' title='bbox 589 393 742 454; x_wconf 78' lang='lat' dir='ltr'>Anacreon</span> <span class='ocrx_word' id='word_1_10' title='bbox 758 401 845 470; x_wconf 89' lang='lat' dir='ltr'>poeta</span> <span class='ocrx_word' id='word_1_11' title='bbox 860 389 1062 468; x_wconf 78' lang='lat' dir='ltr'>Arganthonio</span> <span class='ocrx_word' id='word_1_12' title='bbox 1083 387 1196 448; x_wconf 79' lang='lat' dir='ltr'>Tarte-</span> 
     </span>
     <span class='ocr_line' id='line_1_3' title="bbox 180 473 1193 556; baseline -0.006 -19"><span class='ocrx_word' id='word_1_13' title='bbox 180 479 287 537; x_wconf 88' lang='lat' dir='ltr'>siorum</span> <span class='ocrx_word' id='word_1_14' title='bbox 308 477 372 556; x_wconf 88' lang='lat' dir='ltr'>regi</span> <span class='ocrx_word' id='word_1_15' title='bbox 394 489 437 538; x_wconf 76' lang='lat' dir='ltr'>cu</span> <span class='ocrx_word' id='word_1_16' title='bbox 457 476 555 537; x_wconf 86' lang='lat' dir='ltr'>tribdit</span> <span class='ocrx_word' id='word_1_17' title='bbox 575 493 681 554; x_wconf 91' lang='lat' dir='ltr'>annos,</span> <span class='ocrx_word' id='word_1_18' title='bbox 705 475 829 552; x_wconf 76' lang='lat' dir='ltr'>Cinyrae</span> <span class='ocrx_word' id='word_1_19' title='bbox 849 473 1022 553; x_wconf 75' lang='lat' dir='ltr'><strong>Cypriorum</strong></span> <span class='ocrx_word' id='word_1_20' title='bbox 1045 487 1076 532; x_wconf 88' lang='lat' dir='ltr'>x</span> <span class='ocrx_word' id='word_1_21' title='bbox 1106 473 1193 532; x_wconf 65' lang='lat' dir='ltr'>anule</span> 
     </span>
     <span class='ocr_line' id='line_1_4' title="bbox 180 555 1192 640; baseline -0.007 -18"><span class='ocrx_word' id='word_1_22' title='bbox 180 562 316 640; x_wconf 84' lang='lat' dir='ltr'>amplius,</span> <span class='ocrx_word' id='word_1_23' title='bbox 334 561 466 640; x_wconf 79' lang='lat' dir='ltr'>Aegimio</span> <span class='ocrx_word' id='word_1_24' title='bbox 483 573 534 621; x_wconf 79' lang='lat' dir='ltr'>ce.</span> <span class='ocrx_word' id='word_1_25' title='bbox 553 560 757 640; x_wconf 82' lang='lat' dir='ltr'>Theopompus</span> <span class='ocrx_word' id='word_1_26' title='bbox 774 558 936 639; x_wconf 73' lang='lat' dir='ltr'>Epimenidi</span> <span class='ocrx_word' id='word_1_27' title='bbox 953 555 1067 616; x_wconf 77' lang='lat' dir='ltr'>Gnosio</span> <span class='ocrx_word' id='word_1_28' title='bbox 1084 568 1192 631; x_wconf 78' lang='lat' dir='ltr'>omn,</span> 
     </span>
     <span class='ocr_line' id='line_1_5' title="bbox 178 641 1194 723; baseline -0.005 -19"><span class='ocrx_word' id='word_1_29' title='bbox 178 643 344 705; x_wconf 80' lang='lat' dir='ltr'>Hellanicus</span> <span class='ocrx_word' id='word_1_30' title='bbox 364 645 503 723; x_wconf 88' lang='lat' dir='ltr'>quosdam</span> <span class='ocrx_word' id='word_1_31' title='bbox 526 647 553 704; x_wconf 91' lang='lat' dir='ltr'>in</span> <span class='ocrx_word' id='word_1_32' title='bbox 570 645 687 705; x_wconf 77' lang='lat' dir='ltr'>Aetolia</span> <span class='ocrx_word' id='word_1_33' title='bbox 706 643 845 722; x_wconf 84' lang='lat' dir='ltr'>llpiorum</span> <span class='ocrx_word' id='word_1_34' title='bbox 863 643 957 720; x_wconf 90' lang='lat' dir='ltr'>gentis</span> <span class='ocrx_word' id='word_1_35' title='bbox 978 653 1020 701; x_wconf 82' lang='lat' dir='ltr'>cc</span> <span class='ocrx_word' id='word_1_36' title='bbox 1041 641 1194 720; x_wconf 83' lang='lat' dir='ltr'>explere,</span> 
     </span>
     <span class='ocr_line' id='line_1_6' title="bbox 178 727 1208 807; baseline -0.01 -17"><span class='ocrx_word' id='word_1_37' title='bbox 178 731 222 790; x_wconf 91' lang='lat' dir='ltr'>cui</span> <span class='ocrx_word' id='word_1_38' title='bbox 242 729 431 807; x_wconf 77' lang='lat' dir='ltr'>adstipulatur</span> <span class='ocrx_word' id='word_1_39' title='bbox 449 727 600 788; x_wconf 81' lang='lat' dir='ltr'>Damastes</span> <span class='ocrx_word' id='word_1_40' title='bbox 618 745 778 788; x_wconf 89' lang='lat' dir='ltr'>memorans</span> <span class='ocrx_word' id='word_1_41' title='bbox 792 727 956 788; x_wconf 71' lang='lat' dir='ltr'>Pictoreum</span> <span class='ocrx_word' id='word_1_42' title='bbox 976 743 1014 784; x_wconf 88' lang='lat' dir='ltr'>ex</span> <span class='ocrx_word' id='word_1_43' title='bbox 1034 727 1074 784; x_wconf 89' lang='lat' dir='ltr'>iis</span> <span class='ocrx_word' id='word_1_44' title='bbox 1101 739 1208 803; x_wconf 84' lang='lat' dir='ltr'>prae-t</span> 
     </span>
     <span class='ocr_line' id='line_1_7' title="bbox 174 807 1190 892; baseline -0.005 -20"><span class='ocrx_word' id='word_1_45' title='bbox 174 815 290 892; x_wconf 90' lang='lat' dir='ltr'>cipuum</span> <span class='ocrx_word' id='word_1_46' title='bbox 308 829 434 890; x_wconf 87' lang='lat' dir='ltr'>corpore</span> <span class='ocrx_word' id='word_1_47' title='bbox 449 811 617 891; x_wconf 81' lang='lat' dir='ltr'>uiribusque</span> <span class='ocrx_word' id='word_1_48' title='bbox 634 815 718 871; x_wconf 87' lang='lat' dir='ltr'>etiam</span> <span class='ocrx_word' id='word_1_49' title='bbox 739 812 943 885; x_wconf 70' lang='lat' dir='ltr'>occurrisse,</span> <span class='ocrx_word' id='word_1_50' title='bbox 965 807 1110 887; x_wconf 79' lang='lat' dir='ltr'>Ephorus</span> <span class='ocrx_word' id='word_1_51' title='bbox 1134 810 1190 867; x_wconf 79' lang='lat' dir='ltr'>Ar·</span> 
     </span>
    </p>

    <p class='ocr_par' dir='ltr' id='par_1_3' title="bbox 135 891 1210 1477">
     <span class='ocr_line' id='line_1_8' title="bbox 135 891 1189 977; baseline -0.009 -17"><span class='ocrx_word' id='word_1_52' title='bbox 135 908 183 960; x_wconf 83' lang='lat'>155</span> <span class='ocrx_word' id='word_1_53' title='bbox 193 897 294 956; x_wconf 87' lang='lat' dir='ltr'>cadum</span> <span class='ocrx_word' id='word_1_54' title='bbox 320 913 409 971; x_wconf 89' lang='lat' dir='ltr'>reges</span> <span class='ocrx_word' id='word_1_55' title='bbox 431 905 494 954; x_wconf 88' lang='lat' dir='ltr'>ccc</span> <span class='ocrx_word' id='word_1_56' title='bbox 518 898 613 971; x_wconf 84' lang='lat' dir='ltr'>annis,</span> <span class='ocrx_word' id='word_1_57' title='bbox 641 895 809 977; x_wconf 73' lang='lat' dir='ltr'>Alexander</span> <span class='ocrx_word' id='word_1_58' title='bbox 831 892 984 954; x_wconf 73' lang='lat' dir='ltr'>Cornelius</span> <span class='ocrx_word' id='word_1_59' title='bbox 1005 891 1189 952; x_wconf 82' lang='lat' dir='ltr'>Dandonem</span> 
     </span>
     <span class='ocr_line' id='line_1_9' title="bbox 175 975 1187 1058; baseline -0.003 -20"><span class='ocrx_word' id='word_1_60' title='bbox 175 979 318 1058; x_wconf 80' lang='lat' dir='ltr'>quendam</span> <span class='ocrx_word' id='word_1_61' title='bbox 332 981 361 1038; x_wconf 93' lang='lat' dir='ltr'>in</span> <span class='ocrx_word' id='word_1_62' title='bbox 376 977 493 1052; x_wconf 72' lang='lat' dir='ltr'>Illyrico</span> <span class='ocrx_word' id='word_1_63' title='bbox 508 993 532 1038; x_wconf 83' lang='grc'>1)</span> <span class='ocrx_word' id='word_1_64' title='bbox 544 981 663 1040; x_wconf 79' lang='lat' dir='ltr'>vixisse.</span> <span class='ocrx_word' id='word_1_65' title='bbox 692 979 855 1058; x_wconf 85' lang='lat' dir='ltr'>Xenophon</span> <span class='ocrx_word' id='word_1_66' title='bbox 877 979 906 1036; x_wconf 91' lang='lat' dir='ltr'>in</span> <span class='ocrx_word' id='word_1_67' title='bbox 920 977 1037 1056; x_wconf 91' lang='lat' dir='ltr'>periplo</span> <span class='ocrx_word' id='word_1_68' title='bbox 1053 975 1187 1036; x_wconf 78' lang='lat' dir='ltr'>Lutrnto</span> 
     </span>
     <span class='ocr_line' id='line_1_10' title="bbox 174 1061 1186 1142; baseline -0.003 -21"><span class='ocrx_word' id='word_1_69' title='bbox 174 1081 235 1122; x_wconf 87' lang='lat' dir='ltr'>rum</span> <span class='ocrx_word' id='word_1_70' title='bbox 252 1061 365 1121; x_wconf 88' lang='lat' dir='ltr'>insulae</span> <span class='ocrx_word' id='word_1_71' title='bbox 385 1079 486 1138; x_wconf 85' lang='lat' dir='ltr'>regent</span> <span class='ocrx_word' id='word_1_72' title='bbox 505 1075 569 1138; x_wconf 82' lang='lat' dir='ltr'>Dc,</span> <span class='ocrx_word' id='word_1_73' title='bbox 592 1073 678 1142; x_wconf 88' lang='lat' dir='ltr'>atque</span> <span class='ocrx_word' id='word_1_74' title='bbox 694 1072 724 1122; x_wconf 90' lang='lat' dir='ltr'>ut</span> <span class='ocrx_word' id='word_1_75' title='bbox 741 1081 830 1141; x_wconf 91' lang='lat' dir='ltr'>parce</span> <span class='ocrx_word' id='word_1_76' title='bbox 853 1063 986 1122; x_wconf 88' lang='lat' dir='ltr'>inentitus</span> <span class='ocrx_word' id='word_1_77' title='bbox 1004 1061 1101 1119; x_wconf 82' lang='lat' dir='ltr'>lilium</span> <span class='ocrx_word' id='word_1_78' title='bbox 1123 1061 1186 1120; x_wconf 77' lang='lat' dir='ltr'>eina</span> 
     </span>
     <span class='ocr_line' id='line_1_11' title="bbox 174 1143 1210 1225; baseline -0.002 -21"><span class='ocrx_word' id='word_1_79' title='bbox 174 1157 275 1219; x_wconf 75' lang='lat' dir='ltr'>mccc,</span> <span class='ocrx_word' id='word_1_80' title='bbox 292 1159 366 1223; x_wconf 87' lang='lat' dir='ltr'>quae</span> <span class='ocrx_word' id='word_1_81' title='bbox 383 1147 476 1207; x_wconf 90' lang='lat' dir='ltr'>omnia</span> <span class='ocrx_word' id='word_1_82' title='bbox 491 1147 602 1206; x_wconf 91' lang='lat' dir='ltr'>inscitia</span> <span class='ocrx_word' id='word_1_83' title='bbox 614 1157 773 1225; x_wconf 90' lang='lat' dir='ltr'>temporum</span> <span class='ocrx_word' id='word_1_84' title='bbox 786 1143 960 1206; x_wconf 79' lang='lat' dir='ltr'>acciderunt.</span> <span class='ocrx_word' id='word_1_85' title='bbox 985 1161 1095 1204; x_wconf 91' lang='lat' dir='ltr'>annurn</span> <span class='ocrx_word' id='word_1_86' title='bbox 1110 1145 1210 1203; x_wconf 71' lang='lat' dir='ltr'>enimn</span> 
     </span>
     <span class='ocr_line' id='line_1_12' title="bbox 174 1227 1185 1306; baseline 0 -20"><span class='ocrx_word' id='word_1_87' title='bbox 174 1228 222 1287; x_wconf 90' lang='lat' dir='ltr'>alii</span> <span class='ocrx_word' id='word_1_88' title='bbox 244 1238 355 1288; x_wconf 89' lang='lat' dir='ltr'>aestate</span> <span class='ocrx_word' id='word_1_89' title='bbox 375 1247 459 1289; x_wconf 89' lang='lat' dir='ltr'>unum</span> <span class='ocrx_word' id='word_1_90' title='bbox 481 1230 708 1296; x_wconf 86' lang='lat' dir='ltr'>determinabant</span> <span class='ocrx_word' id='word_1_91' title='bbox 725 1238 754 1289; x_wconf 86' lang='lat' dir='ltr'>et</span> <span class='ocrx_word' id='word_1_92' title='bbox 768 1231 890 1290; x_wconf 89' lang='lat' dir='ltr'>alterum</span> <span class='ocrx_word' id='word_1_93' title='bbox 905 1230 1015 1303; x_wconf 88' lang='lat' dir='ltr'>hieme,</span> <span class='ocrx_word' id='word_1_94' title='bbox 1035 1227 1090 1286; x_wconf 90' lang='lat' dir='ltr'>alii</span> <span class='ocrx_word' id='word_1_95' title='bbox 1114 1245 1185 1306; x_wconf 79' lang='lat' dir='ltr'>qna-</span> 
     </span>
     <span class='ocr_line' id='line_1_13' title="bbox 174 1312 1184 1392; baseline -0.001 -21"><span class='ocrx_word' id='word_1_96' title='bbox 174 1312 330 1392; x_wconf 92' lang='lat' dir='ltr'>dripartitis</span> <span class='ocrx_word' id='word_1_97' title='bbox 346 1313 539 1391; x_wconf 81' lang='lat' dir='ltr'>temporibus,</span> <span class='ocrx_word' id='word_1_98' title='bbox 560 1316 634 1374; x_wconf 91' lang='lat' dir='ltr'>sicut</span> <span class='ocrx_word' id='word_1_99' title='bbox 650 1314 780 1374; x_wconf 74' lang='lat' dir='ltr'>Arcades</span> <span class='ocrx_word' id='word_1_100' title='bbox 796 1331 916 1392; x_wconf 91' lang='lat' dir='ltr'>quorum</span> <span class='ocrx_word' id='word_1_101' title='bbox 933 1314 997 1371; x_wconf 92' lang='lat' dir='ltr'>anni</span> <span class='ocrx_word' id='word_1_102' title='bbox 1012 1313 1184 1371; x_wconf 87' lang='lat' dir='ltr'>trimestres</span> 
     </span>
     <span class='ocr_line' id='line_1_14' title="bbox 172 1393 1183 1477; baseline 0 -23"><span class='ocrx_word' id='word_1_103' title='bbox 172 1395 272 1470; x_wconf 86' lang='lat' dir='ltr'>luere,</span> <span class='ocrx_word' id='word_1_104' title='bbox 289 1393 403 1475; x_wconf 89' lang='lat' dir='ltr'>quidam</span> <span class='ocrx_word' id='word_1_105' title='bbox 418 1396 503 1457; x_wconf 87' lang='lat' dir='ltr'>lunae</span> <span class='ocrx_word' id='word_1_106' title='bbox 519 1399 600 1458; x_wconf 87' lang='lat' dir='ltr'>senio</span> <span class='ocrx_word' id='word_1_107' title='bbox 622 1407 653 1457; x_wconf 88' lang='lat' dir='ltr'>ut</span> <span class='ocrx_word' id='word_1_108' title='bbox 668 1397 817 1477; x_wconf 71' lang='lat' dir='ltr'>Aegyptii.</span> <span class='ocrx_word' id='word_1_109' title='bbox 847 1399 945 1476; x_wconf 88' lang='lat' dir='ltr'>itaque</span> <span class='ocrx_word' id='word_1_110' title='bbox 962 1395 1039 1474; x_wconf 87' lang='lat' dir='ltr'>apud</span> <span class='ocrx_word' id='word_1_111' title='bbox 1056 1413 1119 1454; x_wconf 93' lang='lat' dir='ltr'>eos</span> <span class='ocrx_word' id='word_1_112' title='bbox 1135 1396 1183 1454; x_wconf 85' lang='lat' dir='ltr'>ali-</span> 
     </span>
    </p>

    <p class='ocr_par' dir='ltr' id='par_1_4' title="bbox 132 1479 1206 2143">
     <span class='ocr_line' id='line_1_15' title="bbox 132 1479 1183 1560; baseline -0.001 -21"><span class='ocrx_word' id='word_1_113' title='bbox 132 1481 237 1556; x_wconf 86' lang='lat' dir='ltr'>156qui</span> <span class='ocrx_word' id='word_1_114' title='bbox 255 1487 284 1538; x_wconf 91' lang='lat' dir='ltr'>et</span> <span class='ocrx_word' id='word_1_115' title='bbox 299 1479 412 1556; x_wconf 87' lang='lat' dir='ltr'>singula</span> <span class='ocrx_word' id='word_1_116' title='bbox 432 1481 507 1540; x_wconf 91' lang='lat' dir='ltr'>milia</span> <span class='ocrx_word' id='word_1_117' title='bbox 526 1496 663 1541; x_wconf 91' lang='lat' dir='ltr'>annorum</span> <span class='ocrx_word' id='word_1_118' title='bbox 678 1482 787 1540; x_wconf 86' lang='lat' dir='ltr'>vixisse</span> <span class='ocrx_word' id='word_1_119' title='bbox 804 1482 971 1560; x_wconf 86' lang='lat' dir='ltr'>produntur.</span> <span class='ocrx_word' id='word_1_120' title='bbox 1006 1479 1070 1538; x_wconf 89' lang='lat' dir='ltr'>Sed</span> <span class='ocrx_word' id='word_1_121' title='bbox 1094 1489 1129 1538; x_wconf 87' lang='lat' dir='ltr'>ut</span> <span class='ocrx_word' id='word_1_122' title='bbox 1149 1479 1183 1538; x_wconf 90' lang='lat' dir='ltr'>ad</span> 
     </span>
     <span class='ocr_line' id='line_1_16' title="bbox 171 1562 1206 1642; baseline 0.001 -21"><span class='ocrx_word' id='word_1_123' title='bbox 171 1562 307 1622; x_wconf 91' lang='lat' dir='ltr'>conlessa</span> <span class='ocrx_word' id='word_1_124' title='bbox 321 1573 516 1639; x_wconf 88' lang='lat' dir='ltr'>transeamus,</span> <span class='ocrx_word' id='word_1_125' title='bbox 535 1565 761 1642; x_wconf 77' lang='lat' dir='ltr'>Arganthonlum</span> <span class='ocrx_word' id='word_1_126' title='bbox 775 1564 942 1625; x_wconf 81' lang='lat' dir='ltr'>Gaditanum</span> <span class='ocrx_word' id='word_1_127' title='bbox 958 1565 1119 1640; x_wconf 86' lang='lat' dir='ltr'>octoginta</span> <span class='ocrx_word' id='word_1_128' title='bbox 1137 1569 1206 1622; x_wconf 75' lang='lat' dir='ltr'>anti</span> 
     </span>
     <span class='ocr_line' id='line_1_17' title="bbox 171 1647 1180 1726; baseline 0.002 -24"><span class='ocrx_word' id='word_1_129' title='bbox 171 1647 214 1703; x_wconf 90' lang='lat' dir='ltr'>nis</span> <span class='ocrx_word' id='word_1_130' title='bbox 227 1662 367 1721; x_wconf 81' lang='lat' dir='ltr'>regnasse</span> <span class='ocrx_word' id='word_1_131' title='bbox 377 1664 470 1725; x_wconf 91' lang='lat' dir='ltr'>prope</span> <span class='ocrx_word' id='word_1_132' title='bbox 483 1657 592 1708; x_wconf 86' lang='lat' dir='ltr'>certum</span> <span class='ocrx_word' id='word_1_133' title='bbox 604 1657 658 1708; x_wconf 89' lang='lat' dir='ltr'>est.</span> <span class='ocrx_word' id='word_1_134' title='bbox 680 1656 779 1726; x_wconf 89' lang='lat' dir='ltr'>putant</span> <span class='ocrx_word' id='word_1_135' title='bbox 790 1649 1011 1726; x_wconf 80' lang='lat' dir='ltr'>quadragesimo</span> <span class='ocrx_word' id='word_1_136' title='bbox 1025 1649 1180 1726; x_wconf 83' lang='lat' dir='ltr'>coepisse.</span> 
     </span>
     <span class='ocr_line' id='line_1_18' title="bbox 169 1726 1182 1809; baseline 0.002 -22"><span class='ocrx_word' id='word_1_137' title='bbox 169 1726 349 1789; x_wconf 76' lang='lat' dir='ltr'>Masinissam</span> <span class='ocrx_word' id='word_1_138' title='bbox 369 1732 519 1807; x_wconf 75' lang='lat' dir='ltr'>sexaginta</span> <span class='ocrx_word' id='word_1_139' title='bbox 541 1735 621 1791; x_wconf 86' lang='lat' dir='ltr'>annis</span> <span class='ocrx_word' id='word_1_140' title='bbox 644 1749 784 1809; x_wconf 80' lang='lat' dir='ltr'>regnasse</span> <span class='ocrx_word' id='word_1_141' title='bbox 806 1732 991 1792; x_wconf 90' lang='lat' dir='ltr'>indubitatum</span> <span class='ocrx_word' id='word_1_142' title='bbox 1012 1740 1077 1805; x_wconf 84' lang='lat' dir='ltr'>est,</span> <span class='ocrx_word' id='word_1_143' title='bbox 1111 1731 1182 1791; x_wconf 70' lang='lat' dir='ltr'>Gor</span> 
     </span>
     <span class='ocr_line' id='line_1_19' title="bbox 170 1813 1181 1888; baseline 0.005 -19"><span class='ocrx_word' id='word_1_144' title='bbox 170 1813 237 1887; x_wconf 88' lang='lat' dir='ltr'>gian</span> <span class='ocrx_word' id='word_1_145' title='bbox 265 1813 391 1872; x_wconf 88' lang='lat' dir='ltr'>Siculum</span> <span class='ocrx_word' id='word_1_146' title='bbox 412 1821 525 1873; x_wconf 86' lang='lat' dir='ltr'>centurn</span> <span class='ocrx_word' id='word_1_147' title='bbox 548 1825 578 1875; x_wconf 86' lang='lat' dir='ltr'>et</span> <span class='ocrx_word' id='word_1_148' title='bbox 604 1823 671 1874; x_wconf 94' lang='lat' dir='ltr'>octo</span> <span class='ocrx_word' id='word_1_149' title='bbox 693 1816 813 1874; x_wconf 81' lang='lat' dir='ltr'>vixisse.</span> <span class='ocrx_word' id='word_1_150' title='bbox 850 1815 886 1888; x_wconf 82' lang='lat' dir='ltr'>Q.</span> <span class='ocrx_word' id='word_1_151' title='bbox 909 1813 1014 1875; x_wconf 83' lang='lat' dir='ltr'>Fabius</span> <span class='ocrx_word' id='word_1_152' title='bbox 1035 1813 1181 1874; x_wconf 79' lang='lat' dir='ltr'>tlaxtnns</span> 
     </span>
     <span class='ocr_line' id='line_1_20' title="bbox 170 1895 1180 1977; baseline 0.001 -23"><span class='ocrx_word' id='word_1_153' title='bbox 170 1896 320 1971; x_wconf 82' lang='lat' dir='ltr'>sexaginta</span> <span class='ocrx_word' id='word_1_154' title='bbox 344 1895 436 1957; x_wconf 89' lang='lat' dir='ltr'>tribus</span> <span class='ocrx_word' id='word_1_155' title='bbox 460 1899 540 1957; x_wconf 89' lang='lat' dir='ltr'>annis</span> <span class='ocrx_word' id='word_1_156' title='bbox 562 1915 654 1974; x_wconf 85' lang='lat' dir='ltr'>augur</span> <span class='ocrx_word' id='word_1_157' title='bbox 668 1898 729 1958; x_wconf 89' lang='lat' dir='ltr'>luit.</span> <span class='ocrx_word' id='word_1_158' title='bbox 759 1897 797 1958; x_wconf 86' lang='lat' dir='ltr'>hl.</span> <span class='ocrx_word' id='word_1_159' title='bbox 816 1897 969 1977; x_wconf 82' lang='lat' dir='ltr'>Perpenna</span> <span class='ocrx_word' id='word_1_160' title='bbox 984 1907 1014 1958; x_wconf 91' lang='lat' dir='ltr'>et</span> <span class='ocrx_word' id='word_1_161' title='bbox 1035 1915 1139 1976; x_wconf 89' lang='lat' dir='ltr'>nuper</span> <span class='ocrx_word' id='word_1_162' title='bbox 1152 1898 1180 1958; x_wconf 87' lang='lat' dir='ltr'>h.</span> 
     </span>
     <span class='ocr_line' id='line_1_21' title="bbox 156 1977 1206 2059; baseline 0.009 -24"><span class='ocrx_word' id='word_1_163' title='bbox 156 1977 307 2044; x_wconf 68' lang='lat' dir='ltr'>¹Volusius</span> <span class='ocrx_word' id='word_1_164' title='bbox 324 1980 491 2040; x_wconf 87' lang='lat' dir='ltr'>Saturninus</span> <span class='ocrx_word' id='word_1_165' title='bbox 507 1983 630 2040; x_wconf 89' lang='lat' dir='ltr'>omnium</span> <span class='ocrx_word' id='word_1_166' title='bbox 644 1996 717 2059; x_wconf 92' lang='lat' dir='ltr'>quos</span> <span class='ocrx_word' id='word_1_167' title='bbox 728 1983 756 2041; x_wconf 92' lang='lat' dir='ltr'>in</span> <span class='ocrx_word' id='word_1_168' title='bbox 772 1983 923 2042; x_wconf 90' lang='lat' dir='ltr'>consulatu</span> <span class='ocrx_word' id='word_1_169' title='bbox 938 1983 1121 2042; x_wconf 86' lang='lat' dir='ltr'>sententiam</span> <span class='ocrx_word' id='word_1_170' title='bbox 1136 1999 1206 2044; x_wconf 76' lang='lat' dir='ltr'>rte-n</span> 
     </span>
     <span class='ocr_line' id='line_1_22' title="bbox 170 2063 1181 2143; baseline 0.004 -23"><span class='ocrx_word' id='word_1_171' title='bbox 170 2071 309 2138; x_wconf 86' lang='lat' dir='ltr'>gaverant</span> <span class='ocrx_word' id='word_1_172' title='bbox 326 2063 499 2142; x_wconf 86' lang='lat' dir='ltr'>superstites</span> <span class='ocrx_word' id='word_1_173' title='bbox 517 2066 610 2124; x_wconf 86' lang='lat' dir='ltr'>luere.</span> <span class='ocrx_word' id='word_1_174' title='bbox 641 2065 791 2143; x_wconf 88' lang='lat' dir='ltr'>Perpenna</span> <span class='ocrx_word' id='word_1_175' title='bbox 812 2075 925 2143; x_wconf 87' lang='lat' dir='ltr'>septem</span> <span class='ocrx_word' id='word_1_176' title='bbox 942 2066 1063 2143; x_wconf 91' lang='lat' dir='ltr'>reliquit</span> <span class='ocrx_word' id='word_1_177' title='bbox 1085 2084 1128 2124; x_wconf 91' lang='lat' dir='ltr'>ex</span> <span class='ocrx_word' id='word_1_178' title='bbox 1150 2066 1181 2123; x_wconf 87' lang='lat' dir='ltr'>iis</span> 
     </span>
    </p>

    <p class='ocr_par' dir='ltr' id='par_1_5' title="bbox 128 2147 1181 2391">
     <span class='ocr_line' id='line_1_23' title="bbox 128 2147 1181 2227; baseline -0.001 -18"><span class='ocrx_word' id='word_1_179' title='bbox 128 2154 178 2209; x_wconf 83' lang='lat'>151</span> <span class='ocrx_word' id='word_1_180' title='bbox 190 2163 263 2226; x_wconf 90' lang='lat' dir='ltr'>quos</span> <span class='ocrx_word' id='word_1_181' title='bbox 279 2164 386 2208; x_wconf 88' lang='lat' dir='ltr'>censor</span> <span class='ocrx_word' id='word_1_182' title='bbox 402 2147 525 2226; x_wconf 86' lang='lat' dir='ltr'>legerat.</span> <span class='ocrx_word' id='word_1_183' title='bbox 551 2149 623 2208; x_wconf 86' lang='lat' dir='ltr'>vixit</span> <span class='ocrx_word' id='word_1_184' title='bbox 638 2164 726 2208; x_wconf 85' lang='lat' dir='ltr'>annos</span> <span class='ocrx_word' id='word_1_185' title='bbox 742 2161 863 2210; x_wconf 81' lang='lat' dir='ltr'>xovnt.</span> <span class='ocrx_word' id='word_1_186' title='bbox 892 2167 947 2227; x_wconf 94' lang='lat' dir='ltr'>qua</span> <span class='ocrx_word' id='word_1_187' title='bbox 963 2151 991 2207; x_wconf 93' lang='lat' dir='ltr'>in</span> <span class='ocrx_word' id='word_1_188' title='bbox 1007 2167 1041 2207; x_wconf 86' lang='lat' dir='ltr'>re</span> <span class='ocrx_word' id='word_1_189' title='bbox 1060 2158 1091 2208; x_wconf 89' lang='lat' dir='ltr'>et</span> <span class='ocrx_word' id='word_1_190' title='bbox 1110 2149 1181 2208; x_wconf 89' lang='lat' dir='ltr'>illud</span> 
     </span>
     <span class='ocr_line' id='line_1_24' title="bbox 167 2231 1179 2312; baseline 0 -22"><span class='ocrx_word' id='word_1_191' title='bbox 167 2231 305 2292; x_wconf 89' lang='lat' dir='ltr'>adnotare</span> <span class='ocrx_word' id='word_1_192' title='bbox 328 2233 484 2309; x_wconf 84' lang='lat' dir='ltr'>succurrit,</span> <span class='ocrx_word' id='word_1_193' title='bbox 510 2251 596 2292; x_wconf 90' lang='lat' dir='ltr'>unum</span> <span class='ocrx_word' id='word_1_194' title='bbox 620 2234 734 2292; x_wconf 89' lang='lat' dir='ltr'>omnino</span> <span class='ocrx_word' id='word_1_195' title='bbox 754 2235 975 2312; x_wconf 88' lang='lat' dir='ltr'>quinquennium</span> <span class='ocrx_word' id='word_1_196' title='bbox 1000 2233 1097 2292; x_wconf 88' lang='lat' dir='ltr'>luisse</span> <span class='ocrx_word' id='word_1_197' title='bbox 1125 2248 1179 2311; x_wconf 89' lang='lat' dir='ltr'>quo</span> 
     </span>
     <span class='ocr_line' id='line_1_25' title="bbox 167 2313 1179 2391; baseline 0.002 -17"><span class='ocrx_word' id='word_1_198' title='bbox 167 2325 285 2375; x_wconf 85' lang='lat' dir='ltr'>senator</span> <span class='ocrx_word' id='word_1_199' title='bbox 301 2316 398 2376; x_wconf 90' lang='lat' dir='ltr'>nullus</span> <span class='ocrx_word' id='word_1_200' title='bbox 413 2325 591 2391; x_wconf 88' lang='lat' dir='ltr'>moreretur,</span> <span class='ocrx_word' id='word_1_201' title='bbox 611 2335 674 2376; x_wconf 91' lang='lat' dir='ltr'>cum</span> <span class='ocrx_word' id='word_1_202' title='bbox 689 2313 813 2376; x_wconf 83' lang='lat' dir='ltr'>Flaccus</span> <span class='ocrx_word' id='word_1_203' title='bbox 835 2325 865 2375; x_wconf 90' lang='lat' dir='ltr'>et</span> <span class='ocrx_word' id='word_1_204' title='bbox 886 2317 1010 2376; x_wconf 81' lang='lat' dir='ltr'>Albinus</span> <span class='ocrx_word' id='word_1_205' title='bbox 1033 2333 1179 2376; x_wconf 84' lang='lat' dir='ltr'>censores</span> 
     </span>
    </p>

    <p class='ocr_par' dir='ltr' id='par_1_6' title="bbox 75 2399 1201 2813">
     <span class='ocr_line' id='line_1_26' title="bbox 75 2399 1201 2478; baseline 0.001 -22"><span class='ocrx_word' id='word_1_206' title='bbox 75 2403 82 2418; x_wconf 83' lang='lat'><strong><em>&#39;</em></strong></span> <span class='ocrx_word' id='word_1_207' title='bbox 166 2399 284 2458; x_wconf 89' lang='lat' dir='ltr'>lustrum</span> <span class='ocrx_word' id='word_1_208' title='bbox 306 2399 482 2474; x_wconf 84' lang='lat' dir='ltr'>condidere,</span> <span class='ocrx_word' id='word_1_209' title='bbox 505 2417 598 2478; x_wconf 89' lang='lat' dir='ltr'>usque</span> <span class='ocrx_word' id='word_1_210' title='bbox 622 2400 657 2459; x_wconf 95' lang='lat' dir='ltr'>ad</span> <span class='ocrx_word' id='word_1_211' title='bbox 678 2415 835 2477; x_wconf 88' lang='lat' dir='ltr'>proxumos</span> <span class='ocrx_word' id='word_1_212' title='bbox 858 2417 1015 2476; x_wconf 86' lang='lat' dir='ltr'>censores,</span> <span class='ocrx_word' id='word_1_213' title='bbox 1039 2401 1079 2460; x_wconf 89' lang='lat' dir='ltr'>ab</span> <span class='ocrx_word' id='word_1_214' title='bbox 1106 2415 1201 2460; x_wconf 77' lang='lat' dir='ltr'>annos</span> 
     </span>
     <span class='ocr_line' id='line_1_27' title="bbox 165 2480 1175 2560; baseline 0.005 -23"><span class='ocrx_word' id='word_1_215' title='bbox 165 2480 243 2538; x_wconf 90' lang='lat' dir='ltr'>urbis</span> <span class='ocrx_word' id='word_1_216' title='bbox 260 2483 491 2557; x_wconf 84' lang='lat' dir='ltr'>quingentesimo</span> <span class='ocrx_word' id='word_1_217' title='bbox 507 2484 723 2560; x_wconf 85' lang='lat' dir='ltr'>septuagesimo</span> <span class='ocrx_word' id='word_1_218' title='bbox 739 2500 826 2541; x_wconf 91' lang='lat' dir='ltr'>nono.</span> <span class='ocrx_word' id='word_1_219' title='bbox 863 2483 900 2542; x_wconf 88' lang='grc' dir='ltr'>Μ.</span> <span class='ocrx_word' id='word_1_220' title='bbox 917 2482 1057 2543; x_wconf 86' lang='lat' dir='ltr'>Valerius</span> <span class='ocrx_word' id='word_1_221' title='bbox 1076 2481 1175 2544; x_wconf 75' lang='lat' dir='ltr'>(lorri-</span> 
     </span>
     <span class='ocr_line' id='line_1_28' title="bbox 166 2564 1175 2644; baseline 0.012 -28"><span class='ocrx_word' id='word_1_222' title='bbox 166 2577 218 2617; x_wconf 92' lang='lat' dir='ltr'>nus</span> <span class='ocrx_word' id='word_1_223' title='bbox 234 2574 254 2619; x_wconf 88' lang='lat' dir='ltr'>c</span> <span class='ocrx_word' id='word_1_224' title='bbox 271 2580 361 2622; x_wconf 87' lang='lat' dir='ltr'>annos</span> <span class='ocrx_word' id='word_1_225' title='bbox 377 2564 516 2640; x_wconf 82' lang='lat' dir='ltr'>inplevit,</span> <span class='ocrx_word' id='word_1_226' title='bbox 535 2567 615 2623; x_wconf 89' lang='lat' dir='ltr'>cuius</span> <span class='ocrx_word' id='word_1_227' title='bbox 633 2567 707 2625; x_wconf 91' lang='lat' dir='ltr'>inter</span> <span class='ocrx_word' id='word_1_228' title='bbox 724 2569 843 2644; x_wconf 92' lang='lat' dir='ltr'>primurn</span> <span class='ocrx_word' id='word_1_229' title='bbox 861 2576 891 2626; x_wconf 91' lang='lat' dir='ltr'>et</span> <span class='ocrx_word' id='word_1_230' title='bbox 908 2576 1022 2627; x_wconf 83' lang='lat' dir='ltr'>sextum</span> <span class='ocrx_word' id='word_1_231' title='bbox 1039 2568 1175 2628; x_wconf 86' lang='lat' dir='ltr'>consula·</span> 
     </span>
     <span class='ocr_line' id='line_1_29' title="bbox 166 2646 1174 2712; baseline 0.011 -13"><span class='ocrx_word' id='word_1_232' title='bbox 166 2650 223 2700; x_wconf 88' lang='lat' dir='ltr'>tum</span> <span class='ocrx_word' id='word_1_233' title='bbox 246 2657 330 2703; x_wconf 75' lang='lat' dir='ltr'>xm</span> <span class='ocrx_word' id='word_1_234' title='bbox 352 2648 416 2704; x_wconf 90' lang='lat' dir='ltr'>anni</span> <span class='ocrx_word' id='word_1_235' title='bbox 443 2646 536 2706; x_wconf 86' lang='lat' dir='ltr'>luere.</span> <span class='ocrx_word' id='word_1_236' title='bbox 572 2648 647 2708; x_wconf 84' lang='lat' dir='ltr'>idern</span> <span class='ocrx_word' id='word_1_237' title='bbox 672 2649 745 2708; x_wconf 90' lang='lat' dir='ltr'>sella</span> <span class='ocrx_word' id='word_1_238' title='bbox 768 2651 860 2710; x_wconf 89' lang='lat' dir='ltr'>curuli</span> <span class='ocrx_word' id='word_1_239' title='bbox 887 2651 979 2710; x_wconf 89' lang='lat' dir='ltr'>semel</span> <span class='ocrx_word' id='word_1_240' title='bbox 1003 2669 1040 2710; x_wconf 89' lang='lat' dir='ltr'>ac</span> <span class='ocrx_word' id='word_1_241' title='bbox 1063 2654 1174 2712; x_wconf 74' lang='lat' dir='ltr'>viciens</span> 
     </span>
     <span class='ocr_line' id='line_1_30' title="bbox 166 2725 1174 2813; baseline 0.011 -30"><span class='ocrx_word' id='word_1_242' title='bbox 166 2725 259 2800; x_wconf 90' lang='lat' dir='ltr'>sedit,</span> <span class='ocrx_word' id='word_1_243' title='bbox 281 2729 414 2804; x_wconf 88' lang='lat' dir='ltr'>quotiens</span> <span class='ocrx_word' id='word_1_244' title='bbox 436 2747 520 2789; x_wconf 88' lang='lat' dir='ltr'>nemo</span> <span class='ocrx_word' id='word_1_245' title='bbox 545 2730 629 2792; x_wconf 88' lang='lat' dir='ltr'>alius.</span> <span class='ocrx_word' id='word_1_246' title='bbox 662 2735 796 2810; x_wconf 86' lang='lat' dir='ltr'>aequavit</span> <span class='ocrx_word' id='word_1_247' title='bbox 817 2735 878 2793; x_wconf 88' lang='lat' dir='ltr'>eius</span> <span class='ocrx_word' id='word_1_248' title='bbox 898 2736 975 2793; x_wconf 90' lang='lat' dir='ltr'>vitae</span> <span class='ocrx_word' id='word_1_249' title='bbox 998 2737 1098 2813; x_wconf 87' lang='lat' dir='ltr'>spatia</span> <span class='ocrx_word' id='word_1_250' title='bbox 1120 2735 1174 2794; x_wconf 87' lang='lat' dir='ltr'>lle·</span> 
     </span>
    </p>

    <p class='ocr_par' dir='ltr' id='par_1_7' title="bbox 123 2808 1217 3314">
     <span class='ocr_line' id='line_1_31' title="bbox 123 2808 1199 2886; baseline 0.004 -14"><span class='ocrx_word' id='word_1_251' title='bbox 123 2817 173 2872; x_wconf 76' lang='lat'>158</span> <span class='ocrx_word' id='word_1_252' title='bbox 182 2808 270 2867; x_wconf 87' lang='lat' dir='ltr'>tellus</span> <span class='ocrx_word' id='word_1_253' title='bbox 287 2811 426 2886; x_wconf 79' lang='lat' dir='ltr'>pontifex.</span> <span class='ocrx_word' id='word_1_254' title='bbox 462 2812 498 2872; x_wconf 89' lang='lat' dir='ltr'>Et</span> <span class='ocrx_word' id='word_1_255' title='bbox 522 2831 558 2872; x_wconf 87' lang='lat' dir='ltr'>ex</span> <span class='ocrx_word' id='word_1_256' title='bbox 575 2815 687 2874; x_wconf 90' lang='lat' dir='ltr'>leminis</span> <span class='ocrx_word' id='word_1_257' title='bbox 705 2815 783 2875; x_wconf 87' lang='lat' dir='ltr'>Liria</span> <span class='ocrx_word' id='word_1_258' title='bbox 805 2815 893 2877; x_wconf 82' lang='lat' dir='ltr'>Rutili</span> <span class='ocrx_word' id='word_1_259' title='bbox 908 2829 992 2877; x_wconf 82' lang='lat' dir='ltr'>xcvt</span> <span class='ocrx_word' id='word_1_260' title='bbox 1014 2837 1111 2879; x_wconf 91' lang='lat' dir='ltr'>annos</span> <span class='ocrx_word' id='word_1_261' title='bbox 1129 2831 1199 2879; x_wconf 84' lang='lat' dir='ltr'>err-tt</span> 
     </span>
     <span class='ocr_line' id='line_1_32' title="bbox 165 2891 1173 2979; baseline 0.009 -27"><span class='ocrx_word' id='word_1_262' title='bbox 165 2893 265 2966; x_wconf 86' lang='lat' dir='ltr'>cessit,</span> <span class='ocrx_word' id='word_1_263' title='bbox 283 2891 394 2953; x_wconf 89' lang='lat' dir='ltr'>Statilia</span> <span class='ocrx_word' id='word_1_264' title='bbox 408 2893 529 2956; x_wconf 78' lang='lat' dir='ltr'>Claudio</span> <span class='ocrx_word' id='word_1_265' title='bbox 547 2899 678 2977; x_wconf 90' lang='lat' dir='ltr'>principe</span> <span class='ocrx_word' id='word_1_266' title='bbox 696 2917 733 2958; x_wconf 85' lang='lat' dir='ltr'>ex</span> <span class='ocrx_word' id='word_1_267' title='bbox 744 2899 834 2960; x_wconf 89' lang='lat' dir='ltr'>nobili</span> <span class='ocrx_word' id='word_1_268' title='bbox 847 2901 932 2961; x_wconf 89' lang='lat' dir='ltr'>domo</span> <span class='ocrx_word' id='word_1_269' title='bbox 948 2904 1111 2979; x_wconf 82' lang='lat' dir='ltr'>nonaginta</span> <span class='ocrx_word' id='word_1_270' title='bbox 1128 2919 1173 2962; x_wconf 91' lang='lat' dir='ltr'>no-</span> 
     </span>
     <span class='ocr_line' id='line_1_33' title="bbox 163 2972 1172 3066; baseline 0.01 -30"><span class='ocrx_word' id='word_1_271' title='bbox 163 2995 238 3052; x_wconf 86' lang='lat' dir='ltr'>veru,</span> <span class='ocrx_word' id='word_1_272' title='bbox 258 2972 395 3036; x_wconf 82' lang='lat' dir='ltr'>Terentia</span> <span class='ocrx_word' id='word_1_273' title='bbox 409 2975 560 3040; x_wconf 79' lang='lat' dir='ltr'>Ciceronis</span> <span class='ocrx_word' id='word_1_274' title='bbox 576 2994 647 3056; x_wconf 81' lang='lat'>0111,</span> <span class='ocrx_word' id='word_1_275' title='bbox 666 2981 767 3043; x_wconf 82' lang='lat' dir='ltr'>Clodia</span> <span class='ocrx_word' id='word_1_276' title='bbox 786 2979 853 3042; x_wconf 86' lang='lat' dir='ltr'>Olili</span> <span class='ocrx_word' id='word_1_277' title='bbox 869 2997 948 3060; x_wconf 76' lang='lat' dir='ltr'>oxu,</span> <span class='ocrx_word' id='word_1_278' title='bbox 965 2985 1041 3066; x_wconf 87' lang='lat' dir='ltr'>haec</span> <span class='ocrx_word' id='word_1_279' title='bbox 1059 2989 1172 3065; x_wconf 85' lang='lat' dir='ltr'>quiden</span> 
     </span>
     <span class='ocr_line' id='line_1_34' title="bbox 164 3059 1172 3140; baseline 0.011 -20"><span class='ocrx_word' id='word_1_280' title='bbox 164 3062 249 3121; x_wconf 88' lang='lat' dir='ltr'>etiarn</span> <span class='ocrx_word' id='word_1_281' title='bbox 282 3059 366 3119; x_wconf 80' lang='lat' dir='ltr'>enixa</span> <span class='ocrx_word' id='word_1_282' title='bbox 396 3063 593 3140; x_wconf 89' lang='lat' dir='ltr'>quindeciens.</span> <span class='ocrx_word' id='word_1_283' title='bbox 634 3064 758 3126; x_wconf 86' lang='lat' dir='ltr'>Lucceia</span> <span class='ocrx_word' id='word_1_284' title='bbox 785 3068 868 3127; x_wconf 83' lang='lat' dir='ltr'>minna</span> <span class='ocrx_word' id='word_1_285' title='bbox 894 3077 1009 3128; x_wconf 87' lang='lat' dir='ltr'>centurn</span> <span class='ocrx_word' id='word_1_286' title='bbox 1039 3073 1172 3130; x_wconf 84' lang='lat' dir='ltr'>annisin</span> 
     </span>
     <span class='ocr_line' id='line_1_35' title="bbox 164 3145 1173 3226; baseline 0.011 -25"><span class='ocrx_word' id='word_1_287' title='bbox 164 3162 268 3205; x_wconf 89' lang='lat' dir='ltr'>scaena</span> <span class='ocrx_word' id='word_1_288' title='bbox 285 3145 488 3222; x_wconf 87' lang='lat' dir='ltr'>pronuntiavit.</span> <span class='ocrx_word' id='word_1_289' title='bbox 519 3147 633 3207; x_wconf 86' lang='lat' dir='ltr'>Galeria</span> <span class='ocrx_word' id='word_1_290' title='bbox 659 3147 782 3226; x_wconf 83' lang='lat' dir='ltr'>Copiola</span> <span class='ocrx_word' id='word_1_291' title='bbox 799 3151 969 3211; x_wconf 90' lang='lat' dir='ltr'>emboliaria</span> <span class='ocrx_word' id='word_1_292' title='bbox 988 3155 1115 3215; x_wconf 89' lang='lat' dir='ltr'>reducta</span> <span class='ocrx_word' id='word_1_293' title='bbox 1133 3163 1173 3214; x_wconf 85' lang='lat' dir='ltr'>est</span> 
     </span>
     <span class='ocr_line' id='line_1_36' title="bbox 164 3225 1217 3314; baseline 0.01 -31"><span class='ocrx_word' id='word_1_294' title='bbox 164 3228 190 3283; x_wconf 92' lang='lat' dir='ltr'>in</span> <span class='ocrx_word' id='word_1_295' title='bbox 214 3245 349 3288; x_wconf 86' lang='lat' dir='ltr'>scaenam</span> <span class='ocrx_word' id='word_1_296' title='bbox 373 3225 406 3287; x_wconf 81' lang='lat' dir='ltr'>(l.</span> <span class='ocrx_word' id='word_1_297' title='bbox 432 3228 571 3307; x_wconf 88' lang='lat' dir='ltr'>Poppaeo</span> <span class='ocrx_word' id='word_1_298' title='bbox 593 3231 628 3304; x_wconf 80' lang='lat' dir='ltr'>Q.</span> <span class='ocrx_word' id='word_1_299' title='bbox 652 3233 781 3310; x_wconf 85' lang='lat' dir='ltr'>Sulpicio</span> <span class='ocrx_word' id='word_1_300' title='bbox 805 3252 882 3293; x_wconf 92' lang='lat' dir='ltr'>coss.</span> <span class='ocrx_word' id='word_1_301' title='bbox 908 3236 988 3295; x_wconf 93' lang='lat' dir='ltr'>ludis·</span> <span class='ocrx_word' id='word_1_302' title='bbox 1006 3255 1064 3314; x_wconf 90' lang='lat' dir='ltr'>pro</span> <span class='ocrx_word' id='word_1_303' title='bbox 1082 3239 1217 3299; x_wconf 75' lang='lat' dir='ltr'>salutent</span> 
     </span>
    </p>
   </div>
   <div class='ocr_carea' id='block_1_3' title="bbox 1219 1946 1224 2488">
    <p class='ocr_par' dir='ltr' id='par_1_8' title="bbox 1219 1946 1224 2488">
     <span class='ocr_line' id='line_1_37' title="bbox 1219 1946 1224 2488; baseline 0 0"><span class='ocrx_word' id='word_1_304' title='bbox 1219 1946 1224 2488; x_wconf 95' lang='lat' dir='ltr'> </span> 
     </span>
    </p>
   </div>
   <div class='ocr_carea' id='block_1_4' title="bbox 164 3307 1196 3564">
    <p class='ocr_par' dir='ltr' id='par_1_9' title="bbox 164 3307 1216 3564">
     <span class='ocr_line' id='line_1_38' title="bbox 164 3307 1196 3396; baseline 0.016 -30"><span class='ocrx_word' id='word_1_305' title='bbox 164 3307 220 3367; x_wconf 84' lang='lat' dir='ltr'>diri</span> <span class='ocrx_word' id='word_1_306' title='bbox 238 3311 361 3388; x_wconf 77' lang='lat' dir='ltr'>Augusti</span> <span class='ocrx_word' id='word_1_307' title='bbox 377 3312 492 3371; x_wconf 88' lang='lat' dir='ltr'>votivis.</span> <span class='ocrx_word' id='word_1_308' title='bbox 525 3331 625 3374; x_wconf 89' lang='lat' dir='ltr'>annum</span> <span class='ocrx_word' id='word_1_309' title='bbox 640 3327 713 3374; x_wconf 90' lang='lat' dir='ltr'>v111.</span> <span class='ocrx_word' id='word_1_310' title='bbox 729 3331 819 3392; x_wconf 86' lang='lat' dir='ltr'>agens</span> <span class='ocrx_word' id='word_1_311' title='bbox 835 3319 978 3396; x_wconf 91' lang='lat' dir='ltr'>producta</span> <span class='ocrx_word' id='word_1_312' title='bbox 993 3320 1093 3382; x_wconf 79' lang='lat' dir='ltr'>lauerat</span> <span class='ocrx_word' id='word_1_313' title='bbox 1103 3325 1173 3382; x_wconf 84' lang='lat' dir='ltr'>tiro·</span> <span class='ocrx_word' id='word_1_314' title='bbox 1193 3349 1196 3356; x_wconf 53' lang='lat'><strong><em>¹</em></strong></span> 
     </span>
     <span class='ocr_line' id='line_1_39' title="bbox 164 3391 1172 3476; baseline 0.017 -27"><span class='ocrx_word' id='word_1_315' title='bbox 164 3391 239 3450; x_wconf 84' lang='lat' dir='ltr'>ctnto</span> <span class='ocrx_word' id='word_1_316' title='bbox 257 3393 322 3453; x_wconf 89' lang='lat' dir='ltr'>abl.</span> <span class='ocrx_word' id='word_1_317' title='bbox 340 3395 481 3472; x_wconf 88' lang='lat' dir='ltr'>Pompilio</span> <span class='ocrx_word' id='word_1_318' title='bbox 498 3396 593 3456; x_wconf 88' lang='lat' dir='ltr'>aedile</span> <span class='ocrx_word' id='word_1_319' title='bbox 610 3399 707 3476; x_wconf 88' lang='lat' dir='ltr'>plebis</span> <span class='ocrx_word' id='word_1_320' title='bbox 724 3395 756 3456; x_wconf 82' lang='lat' dir='ltr'>G.</span> <span class='ocrx_word' id='word_1_321' title='bbox 771 3399 862 3472; x_wconf 68' lang='lat' dir='ltr'>llario</span> <span class='ocrx_word' id='word_1_322' title='bbox 880 3399 932 3461; x_wconf 77' lang='lat' dir='ltr'>Cn.</span> <span class='ocrx_word' id='word_1_323' title='bbox 947 3401 1089 3463; x_wconf 76' lang='lat' dir='ltr'>Carbone</span> <span class='ocrx_word' id='word_1_324' title='bbox 1107 3409 1172 3464; x_wconf 78' lang='lat' dir='ltr'>oo‘n·</span> 
     </span>
     <span class='ocr_line' id='line_1_40' title="bbox 165 3472 1172 3564; baseline 0.021 -36"><span class='ocrx_word' id='word_1_325' title='bbox 165 3473 273 3534; x_wconf 90' lang='lat' dir='ltr'>sulihus</span> <span class='ocrx_word' id='word_1_326' title='bbox 303 3487 367 3536; x_wconf 89' lang='lat' dir='ltr'>ante</span> <span class='ocrx_word' id='word_1_327' title='bbox 391 3497 480 3539; x_wconf 90' lang='lat' dir='ltr'>annos</span> <span class='ocrx_word' id='word_1_328' title='bbox 505 3491 571 3556; x_wconf 80' lang='lat'>110,</span> <span class='ocrx_word' id='word_1_329' title='bbox 596 3499 620 3540; x_wconf 91' lang='lat' dir='ltr'>a</span> <span class='ocrx_word' id='word_1_330' title='bbox 647 3479 751 3558; x_wconf 87' lang='lat' dir='ltr'>hlagno</span> <span class='ocrx_word' id='word_1_331' title='bbox 772 3472 918 3562; x_wconf 79' lang='lat' dir='ltr'>‘Pompeio</span> <span class='ocrx_word' id='word_1_332' title='bbox 945 3489 1042 3564; x_wconf 86' lang='lat' dir='ltr'>magni</span> <span class='ocrx_word' id='word_1_333' title='bbox 1069 3488 1172 3549; x_wconf 86' lang='lat' dir='ltr'>theatri</span> 
     </span>
    </p>
   </div>
   <div class='ocr_carea' id='block_1_5' title="bbox 0 0 1226 3910">
    <p class='ocr_par' dir='ltr' id='par_1_10' title="bbox 0 0 1226 3910">
     <span class='ocr_line' id='line_1_41' title="bbox 0 0 1226 3910; baseline 0 3"><span class='ocrx_word' id='word_1_334' title='bbox 0 0 1226 3910; x_wconf 95' lang='lat' dir='ltr'> </span> 
     </span>
    </p>
   </div>
  </div>
 </body>
</html>
