2482 3910
300 175 380 222 mou.
404 174 496 223 arar.
519 175 554 222 x.
576 169 696 226 et-et.
721 161 874 241 (sb-53.)
1033 164 1091 228 tto

1 341 9 381 ι’
45 328 47 334 ’
81 332 234 412 proprium
254 331 371 408 generis
393 331 456 390 mus
479 339 509 388 et
531 339 686 406 turturum,
711 348 774 390 cura
796 328 912 407 bibam,
939 333 1015 394 colla
1035 351 1094 394 non

1 427 7 467 t
81 418 271 494 resupinare,
289 415 432 492 largeque
447 413 549 474 bibere
565 416 754 476 iumentorum
769 415 866 476 modo.

0 523 1 540 ¹
148 499 199 560 35.
209 536 211 540 ψ
223 499 333 558 Vivere
349 497 491 577 palumbis
503 499 539 558 ad
554 513 637 560 xxx.
652 517 770 574 annum,
784 499 896 576 aliquas
912 510 941 558 et
952 499 989 560 ad
999 513 1135 578 xm.,106

1 627 4 636 ·
81 582 222 645 habemus
240 593 387 658 auctores,
404 592 580 643 auctentum
593 584 924 660 incommodounguium
940 584 1046 644 eodem
1060 587 1093 648 'et

1 682 6 724 t
60 677 256 746 pergamento
276 676 431 742 senectae,
451 669 502 748 qui
517 669 590 728 citra
606 669 765 747 perniciem
780 667 955 728 reciduntur.
992 679 1092 732 cantus

1 769 5 775 ’
81 753 217 813 omuibus
235 752 337 813 similis
348 745 438 831 atque
455 752 530 811 idem
550 754 625 812 trino
640 753 794 812 ¹coniicitur
808 770 896 812 versu
914 762 1092 832 praeterque

1 885 3 891 ,
80 839 111 896 in
130 837 259 898 clausula
274 838 399 914 gemitu,
417 835 512 896 bieme
526 838 626 913 mutis,
649 855 753 897 avere
767 837 928 897 vocalibus.
960 835 1092 914 Nigidius

0 946 1 951 ¹
81 930 182 1002 putat,
200 939 263 981 curn
280 939 336 981 ova
348 921 464 980 incubet
477 920 528 982 sub
540 929 631 997 tecto,
648 924 819 982 nominatam
830 921 995 1001 palumbem
1006 922 1092 982 relin-

82 1024 175 1086 quere
195 1005 288 1066 nidos.
321 1007 435 1084 pariunt
456 1015 550 1066 autem
571 1017 639 1085 post
656 1007 819 1067 solstitium.
843 1004 1022 1066 .Colmnbae
1043 1016 1073 1066 et
1085 1013 1135 1070 lbi

30 1100 71 1146 x10
82 1099 212 1150 turtures
233 1092 347 1150 octonis
369 1091 449 1150 annis
471 1092 579 1150 vivont.
626 1091 676 1152 36.
700 1101 801 1152 contra
815 1092 928 1169 passeri
942 1092 1094 1152 minumum

1 1195 2 1230 r
69 1177 180 1249 meae,
198 1176 244 1234 cui
260 1175 394 1234 salacitas
412 1193 474 1253 par.
504 1193 600 1234 mares
611 1169 757 1252 'negantur
772 1193 848 1234 anno
866 1176 973 1244 diutius
988 1177 1094 1236 durare

1 1311 2 1314 ,
50 1267 57 1284 “
82 1268 266 1336 argumento,
284 1261 349 1337 quia
361 1259 438 1320 nulla
450 1261 530 1320 veris
541 1261 621 1319 initio
634 1259 772 1338 adpareat
783 1259 931 1336 nigritudo·
940 1261 969 1318 in
983 1269 1092 1337 rostro,

82 1361 161 1424 quae
175 1342 212 1402 ab
230 1353 340 1404 aestate
355 1344 465 1422 incipit.
495 1344 609 1404 leminis
626 1343 839 1420 longiusculum
853 1345 986 1422 spatium.
1000 1383 1001 1386 κ
1014 1344 1072 1404 Ve-
1083 1353 1136 1408 108

81 1447 146 1488 rum
162 1427 304 1488 columbis
319 1429 394 1488 inest
411 1428 526 1506 quidam
542 1434 571 1488 et
587 1428 701 1505 gloriae
714 1427 890 1488 intellectus.
921 1444 1010 1490 nosse
1029 1444 1092 1488 aree
1144 1432 1147 1440 “
1184 1455 1188 1467 ¹

44 1513 137 1574 rodas
160 1529 230 1572 suos
251 1514 369 1572 colores
386 1514 620 1591 varietatemque
642 1512 820 1591 dispositam.
855 1513 924 1591 quin
948 1515 1033 1572 etiam
1054 1531 1093 1574 ex

80 1597 184 1657 volatu
206 1599 363 1674 quaeritur.
400 1597 542 1674 plaudere
563 1597 692 1657 incaelo
713 1598 853 1675 varieque
872 1597 999 1658 sulcare.
1035 1615 1092 1676 qua

80 1683 111 1741 in
128 1683 322 1741 ostentatione
337 1691 367 1740 ut
381 1683 496 1741 vinctae
512 1682 687 1761 praebentur
703 1683 845 1760 accipitri,
861 1681 1008 1760 inplicatis
1018 1690 1092 1742 stre·

81 1768 145 1845 pitu
159 1766 263 1844 pinnis,
280 1767 328 1844 qui
339 1767 462 1849 nonnisi
477 1767 674 1844 ipsisalarum
690 1769 797 1835 umeris
817 1767 944 1843 eliditur,
963 1767 1092 1846 alioquin
1176 1841 1178 1848 χ

82 1851 181 1910 soluto
194 1849 293 1910 uolatu
303 1851 332 1910 in
343 1851 460 1910 multum
470 1850 647 1912 velociores.
664 1853 834 1930 speculatur
844 1852 978 1912 occultus
988 1851 1094 1914 fronde

44 1935 160 1994 solatio
178 1944 207 1994 et
220 1935 396 2012 gaudentem
411 1938 439 1994 in
456 1939 520 2014 ipsa
537 1938 632 2013 gloria
647 1937 732 2015 rapit·
778 1936 828 1997 37.
851 1935 897 1996 Ob
912 1936 941 1996 id
958 1951 1021 1995 eum
1039 1936 1135 1998 tiarae

82 2017 218 2079 habenda
242 2028 287 2078 est
308 2022 371 2080 avis
396 2037 471 2098 quae
492 2021 675 2080 tinnunculus
695 2030 825 2080 vocatur.
867 2020 997 2080 delendit
1018 2021 1092 2080 enim

82 2103 150 2164 illas
166 2111 316 2182 terretque
333 2105 489 2182 accipitres
504 2104 626 2165 naturali
643 2107 773 2183 potentia
788 2106 817 2162 in
832 2113 938 2164 tantum
953 2112 985 2162 ut
999 2105 1093 2162 visum

81 2205 248 2266 vocemque
272 2189 471 2266 eiusfugianc.
509 2189 565 2248 bac
587 2189 624 2248 de
646 2205 732 2247 causa
752 2189 928 2266 praecipuus
951 2187 1094 2246 columbis

83 2289 165 2332 amor
181 2289 296 2348 eorum,
312 2273 485 2350 feruntque,
502 2274 526 2331 si
542 2273 571 2330 in
586 2281 721 2351 quattuor
736 2271 849 2347 angulis
865 2267 1048 2330 defodiantur
1064 2270 1093 2327 in

46 2372 74 2412 2¹>
84 2355 154 2416 ollis
169 2357 253 2415 novis
269 2357 378 2432 oblitis,
395 2373 453 2416 non
467 2365 576 2416 matare
594 2354 963 2431 sedemcolumbasqquod
976 2363 1005 2414 et
1018 2371 1091 2413 auro

82 2443 207 2502 inseetis
224 2441 332 2501 alarum
350 2442 479 2501 articulis
494 2441 668 2520 quaesivere
686 2441 773 2519 aliqui
790 2455 849 2498 non
866 2439 952 2499 aliter
968 2439 1093 2500 innoxiis
1160 2470 1165 2480 ·

74 2519 270 2600 uolneribus,
287 2523 449 2603 ‘multivaga
470 2525 597 2604 alioquin
617 2543 681 2584 aue.
721 2534 767 2585 est
787 2526 862 2584 enim
876 2541 926 2584 ars
943 2525 1001 2584 illis
1018 2526 1093 2584 inter

84 2628 118 2670 se
133 2609 258 2669 blandiri
274 2619 302 2669 et
317 2627 506 2689 corrumpere
518 2611 590 2670 alias
606 2610 742 2688 furtoque
760 2603 957 2670 comitatiores
973 2609 1092 2670 reuerti.

150 2694 235 2773 (53.)
257 2693 334 2766 Quin
350 2705 379 2754 et
393 2695 743 2772 iutemuntiae'inmagnis
755 2695 844 2754 rebus
854 2694 949 2770 inere,
966 2696 1136 2774 episto-110

48 2778 129 2840 solas
145 2777 274 2838 adnexas
290 2779 525 2858 earumpedibus
541 2762 697 2840 obsidione
709 2777 862 2852 Mutinensi
873 2780 902 2839 io
914 2789 1092 2839 castra-con·

85 2861 180 2921 sulum
200 2861 331 2923 Decumo
356 2863 444 2923 Bruto
460 2865 600 2924 mittente.
633 2864 700 2942 quid
718 2863 825 2924 vallum
846 2873 876 2923 et
889 2864 961 2941 vigil
978 2861 1092 2922 obsidio

84 2955 172 3024 atque
191 2949 276 3006 etiam
294 2948 367 3008 retia
382 2965 465 3008 amne
486 2957 638 3026 praetenta
655 2947 795 3026 proluere
812 2947 939 3007 Antonio
954 2965 1010 3026 per
1026 2963 1092 3005 oae-

84 3029 144 3090 lam
167 3039 253 3090 eunte
275 3029 412 3091 nuntio‘l'
433 3031 470 3092 tlt
491 3033 590 3092 barum
611 3047 710 3092 amore
728 3035 870 3093 insaniunt
884 3031 973 3092 multi.
1005 3045 1094 3108 super

84 3123 164 3174 tecta
181 3115 374 3176 exaedificant
385 3119 471 3177 turris
486 3118 531 3192 iis,
546 3116 785 3197 nobilitatemque
801 3116 1021 3194 singularum‘et
1036 3113 1092 3172 ori·
1147 3160 1149 3164 .

48 3211 75 3254 es
85 3199 171 3277 giues
189 3209 305 3260 narrant
321 3195 423 3260 vetere
442 3203 496 3261 iam
511 3201 666 3278 exemplo.¹
687 3201 717 3260 b.
734 3202 826 3263 Axius
841 3219 934 3280 eques
948 3199 1093 3258 Romanus

86 3291 154 3344 ante
178 3283 287 3344 bellum
309 3286 395 3346 eirile
418 3285 622 3364 Pompeianum
647 3286 777 3346 denariis
796 3285 1014 3365 quadringentis
1037 3284 1092 3342 sin-

85 3367 155 3446 gula
184 3371 264 3446 paria
284 3371 458 3444 ¹venditavit,
483 3379 513 3428 ut
535 3368 573 3428 bl.
592 3369 685 3430 Varro
705 3371 800 3432 tradit.
835 3370 902 3448 quin
926 3377 955 3427 et
973 3370 1094 3446 patriam

85 3451 280 3513 nobilitavere
289 3456 318 3512 in
330 3451 485 3532 Campania
500 3453 707 3532 grandissimae
724 3455 879 3535 provenire
892 3453 1093 3514 existumatae.
