2482 3910
178 153 245 245 208⁸
419 203 421 210 v
522 191 832 242 o.uunursnonno1

49 377 52 381 ·
150 361 319 430 eramquum
340 367 357 410 e
378 349 464 410 caelo
485 348 619 410 attributa
641 349 796 410 oredimus.
833 348 955 410 arbores
975 359 1081 430 postea
1105 353 1188 414 blan·

179 435 307 496 dioribus
328 433 413 512 fruge
437 435 515 494 sucis
538 433 682 493 bominem
702 435 884 511 mitigavere.
921 451 959 494 ex
982 435 1026 495 bis
1045 453 1189 499 recreans

178 519 304 580 membra
320 519 379 579 olei
395 518 492 596 liquor
512 519 640 596 virisque
659 519 836 598 potuerim,
859 527 903 578 tot
916 519 1043 598 denique
1060 539 1189 602 sapores

178 605 242 664 suni
258 612 363 684 sponte
384 603 552 678 venientes,
581 611 611 661 et
629 617 764 678 mensae,
781 602 967 681 depugnetur
990 604 1062 664 lieet
1087 623 1189 667 earum

42 710 70 758 0,
178 705 266 750 eausa
282 707 346 748 uum
361 687 433 748 ieris
453 696 483 746 et
506 686 581 766 pasti
601 686 805 764 naubugorum
828 687 1001 766 corporibus
1019 690 1124 767 pisces
1137 711 1210 753 eus-s

150 782 328 853 operantur,
348 772 524 832 etiamnunc
544 779 639 830 tamen
656 771 811 831 secundae.
845 768 924 831 llille
948 781 1107 850 praeterea
1124 785 1188 835 snut

178 875 246 918 usus
263 871 359 918 earum
376 856 438 914 siue
456 855 521 933 quis
535 855 593 914 vitu
614 853 682 932 degi
703 871 760 914 non
777 857 880 934 possit.
915 855 1020 917 arbore
1038 857 1187 919 sulcamus

177 942 266 1002 maria
294 949 447 1016 terrasque
476 938 682 1014 admovemus,
708 938 815 1000 arbore
842 939 1069 1000 exaedificamus
1097 948 1185 1004 tecta.

177 1025 301 1086 arborea
323 1031 352 1083 et
367 1022 520 1082 simulacra
542 1023 684 1083 numinum
699 1023 782 1083 luere
804 1023 928 1084 noudum
951 1026 1045 1103 pretio
1064 1030 1185 1104 excogi-

178 1118 238 1169 tato
261 1107 410 1168 beluarum
435 1107 585 1182 cadaveri,
609 1115 695 1185 atque
716 1115 747 1166 ut
766 1125 782 1167 a
810 1108 854 1168 dis
876 1117 942 1169 natu
966 1109 1027 1168 inre
1052 1109 1214 1170 luxuriaeue

179 1192 282 1253 eodem
298 1191 389 1251 ebore
405 1192 548 1254 numinum
570 1207 622 1252 ura
638 1200 842 1270 spectarentur
857 1188 888 1252 et'
901 1211 1064 1254 mensarum
1080 1195 1185 1272 pedes.

178 1275 302 1357 produnt
319 1275 443 1354 Alpibus
467 1276 612 1336 coercitas
633 1285 662 1335 et
683 1284 741 1335 tuna
762 1276 990 1355 inexsuperabili
1009 1279 1185 1338 munimento

179 1361 303 1435 Gallius,
323 1359 398 1420 banc
413 1361 534 1438 primum
549 1358 686 1420 babuisse
702 1375 819 1420 oausam
833 1359 1063 1439 superfundendi
1078 1381 1116 1422 se
1133 1363 1185 1423 lte·

178 1447 253 1521 liae,
273 1445 350 1523 quud
365 1443 469 1504 llelioo
487 1442 676 1504 exllelvetiis
689 1445 761 1504 civis
774 1461 871 1504 earum
886 1444 1020 1506 fabrilem
1036 1445 1075 1505 ob
1095 1457 1186 1506 artem

178 1529 289 1590 Romae
300 1537 483 1588 conmoratus
497 1528 582 1587 licum
593 1529 700 1590 siccam
712 1536 741 1588 et
755 1545 837 1589 uuam
850 1529 1015 1608 oleiqueac
1026 1530 1087 1588 uini
1100 1549 1184 1609 prue-
1194 1553 1213 1594 us

177 1616 265 1673 missa
289 1629 421 1673 remeans
447 1629 546 1672 secum
573 1612 697 1674 tulisset.
734 1621 913 1692 quapropter
934 1613 1008 1674 baec
1029 1614 1079 1674 vel
1105 1614 1184 1676 bello

178 1697 331 1777 quaesisse
346 1697 430 1756 venia
447 1698 493 1756 sit.
1040 1707 1043 1716 '
1070 1717 1073 1724 ’

77 1779 79 1784 ’
151 1793 169 1848 6
242 1777 302 1862 (3.)
330 1781 390 1842 Sed
411 1781 475 1860 quis
493 1797 551 1840 uon
574 1780 636 1840 iur'e
659 1781 779 1842 miretur
793 1781 929 1842 arborem
950 1781 1069 1842 umbrae
1092 1781 1184 1860 gratia

179 1874 285 1926 tautum
301 1883 338 1924 ex
353 1864 579 1946 alien'u'petitaur
591 1862 685 1925 orbe?
714 1865 848 1926 Plutauns
864 1865 955 1942 bace,
978 1883 1058 1926 mare
1074 1865 1183 1926 lonium

178 1948 334 2010 Diomedis
342 1949 435 2010 insula
454 1956 538 2010 tenus
554 1949 683 2010 eiusdem
698 1949 796 2011 tumuli
811 1951 904 2028 gratia
923 1951 1044 2028 primum
1059 1952 1212 2026 invectas

178 2033 245 2094 inde
267 2035 295 2094 iu
312 2033 440 2094 Siciliam
464 2043 664 2110 transgressa,
687 2043 773 2113 atque
788 2036 864 2094 iuter
881 2037 989 2113 primas
1007 2035 1115 2094 donata
1131 2034 1183 2094 tn·

179 2119 235 2180 liae
256 2127 285 2180 et
305 2119 360 2179 iam
384 2117 420 2178 ad
434 2115 563 2180 llorinos
584 2135 676 2197 usque
692 2128 832 2196 peruecta
854 2134 891 2179 ao
903 2119 1083 2180 tributarium
1099 2121 1184 2178 etiam

178 2205 310 2265 detinens
335 2201 446 2279 solum,
470 2210 501 2264 ut
525 2211 630 2281 gentes
650 2202 778 2280 uectigal
800 2213 829 2264 et
849 2219 903 2282 pro
925 2201 1024 2264 unbru
1047 2201 1182 2281 pendunt.

151 2287 335 2364 illionysius
349 2289 430 2366 prior
442 2287 561 2349 Siciliae
573 2295 710 2362 tyrannus
723 2285 867 2364 Rhegium
883 2287 911 2347 iu
923 2285 1025 2348 urbenu
1039 2286 1184 2348 transtulit
1199 2307 1204 2312 ·

178 2391 228 2433 eas
240 2372 341 2433 domus
355 2389 425 2432 snae
434 2371 612 2448 miraculum,
627 2370 676 2430 ubi
688 2379 794 2449 postea
809 2371 915 2431 iactum
927 2371 1120 2448 gymnasium,
1130 2385 1210 2430 neers

177 2457 309 2533 potuisse
324 2457 353 2514 in
376 2454 593 2532 amplitudinem
609 2453 800 2531 adulescens,
820 2464 851 2516 ut
865 2455 937 2516 elias
953 2455 1043 2516 inisse
1059 2456 1089 2514 in
1103 2453 1183 2516 ltalia

178 2557 213 2597 ac
228 2540 390 2598 nominatim
406 2537 543 2617 llispauia
559 2539 636 2618 apud
657 2547 794 2598 auctores
810 2541 961 2600 inuenitur.
1035 2548 1039 2556 '

149 2633 167 2687 8
241 2623 303 2700 (4.)
328 2621 392 2681 lloo
411 2630 505 2682 actum
532 2624 610 2684 circa
629 2633 732 2701 captae
755 2623 834 2684 urbis
856 2632 995 2699 rentem,
1018 2632 1183 2701 tantumque

179 2713 282 2784 postea
298 2705 416 2766 honoris
430 2707 553 2766 increvit
567 2717 597 2766 ut
607 2723 689 2767 mero
699 2707 794 2767 iniuso
806 2709 992 2768 enutriuntur.
1012 2717 1183 2786 conpertum

178 2790 206 2850 id
222 2807 353 2850 maxume
375 2791 518 2868 prodesse
539 2789 699 2868 radicibus,
721 2792 929 2870 docuimusque
953 2793 1037 2852 etiam
1060 2791 1211 2851 arboreto

176 2875 241 2934 vina
278 2882 369 2934 utare.

151 2971 168 3026 9
244 2893 306 3038 (ld.)
330 2956 485 3019 Celebrate
512 2968 557 3020 est
584 2961 704 3038 primurn
732 2961 760 3020 iu
786 2959 980 3021 ambulatione
1007 2958 1182 3021 Academiae

178 3043 300 3104 Atbeuis
322 3043 482 3103 cubitorum
496 3045 732 3108 xxxinradice
753 3061 851 3104 ramos
869 3044 1075 3104 antecedente.
1109 3059 1183 3104 nuuc

179 3138 224 3189 ost
241 3129 319 3188 clara
335 3129 364 3186 in
376 3125 463 3202 Lycia
475 3127 565 3188 fontis
574 3127 664 3206 gelidi
684 3130 764 3188 socia
780 3129 971 3204 amoenitate,
981 3128 1081 3188 itineri
1094 3127 1181 3206 adpo·

179 3213 232 3272 sita
245 3212 375 3272 domicili
401 3211 504 3286 modo,
528 3229 598 3284 ouva
618 3225 715 3272 Lxxx
738 3221 825 3290 atque
847 3215 929 3272 nnius
950 3212 1056 3290 pedum
1079 3221 1210 3291 speonss

178 3313 333 3359 nemorosa
344 3297 455 3356 vertice
470 3304 499 3354 et
514 3313 546 3355 se
562 3298 650 3356 vastis
662 3305 821 3374 protegens
836 3299 933 3374 ramis,
945 3297 1080 3356 arborum
1095 3297 1182 3354 instar

180 3395 267 3453 agros
281 3382 376 3456 longis
392 3381 526 3459 optinens
538 3379 655 3455 umbris,
667 3399 702 3440 ao
714 3398 750 3438 ne
763 3381 830 3458 quid
848 3381 923 3442 desit
939 3380 1101 3458 speluncae
1116 3380 1182 3438 inta-
1233 3443 1235 3460 4

180 3461 254 3535 gini,
273 3479 362 3524 saxea
377 3466 451 3525 intus
464 3464 619 3544 crepidinis
637 3480 744 3525 corona
759 3481 913 3524 muscosos
931 3463 1076 3544 conplexa
1093 3461 1182 3542 pumi·
1234 3481 1235 3542 ἦ
