2482 3910
151 165 213 229 210
496 169 527 225 nq
543 171 638 220 namt
654 166 805 222 monum

152 331 239 392 arton
259 329 322 408 ipsa
337 325 468 390 omnibns
482 323 562 386 lnorts
579 322 721 402 pondlera
735 333 796 400 est,
811 323 876 389 aliis
893 325 1074 403 mmmm,
1093 329 1161 390 alits

111 411 424 486 remurmuremus,
440 410 504 472 aliis
518 425 590 470 reno
602 407 854 471 subnasoentibns.
886 419 1069 489 temptavere
1084 431 1159 490 ge}

153 507 198 560 tes
214 496 373 569 transferre
397 494 433 557 ad
448 513 516 556 sese
532 501 654 572 propter
669 494 780 554 remedi
795 497 999 572 praestantiam
1019 496 1158 558 lietllilrm

152 583 294 656 invasis,
316 579 384 642 dato
406 597 460 658 per
481 595 621 642 cavernas
643 576 789 640 radicibus
813 579 1009 655 spira-enm,
1031 582 1159 658 qnalitm

151 667 245 726 omnia
267 665 419 726 nmmum
443 663 557 739 longius
580 663 640 722 seri
660 662 804 722 artissime
828 662 1037 744 damiemiqae
1058 667 1187 731 mend-5

82 789 85 796 -
151 752 230 812 nisse
246 749 419 821 conveniet,
442 755 471 808 ut
490 745 583 806 semel
603 762 737 824 quaeque
758 746 898 808 dieantur.
935 748 989 809 sed
1002 750 1058 808 nisi
1080 749 1159 828 apud

151 833 254 896 nenos
271 842 300 894 et
317 834 346 892 iu
360 831 480 892 Perside
496 831 576 890 nasot
590 828 690 890 uoluit.
731 828 807 893 haee
823 839 870 892 est
883 833 965 892 ouius
979 849 1072 909 mena
1090 834 1157 894 Pan

110 917 145 994 ἷξε·
155 919 267 980 tuorum
287 933 429 995 proceres
445 916 605 992 insequere
621 913 743 974 diximus
759 913 921 976 esnulentis
938 918 1158 978 sommendandi

150 1003 255 1064 halitus
270 1001 372 1078 qratia.
412 1017 469 1060 neo
481 998 538 1060 alia
552 997 639 1058 arhor
654 996 786 1060 laudatur
801 999 829 1058 in
843 997 948 1062 lledis

109 1093 141 1150 17
214 1087 243 1146 4.
268 1083 331 1162 (8.)
355 1083 512 1160 Lanigaras
529 1082 631 1144 Serum
653 1083 681 1140 in
702 1083 850 1144 mentione
864 1085 960 1161 pestis
978 1086 1041 1144 eius
1059 1103 1189 1147 namt-uu

109 1170 272 1244 enavimus,
298 1159 366 1230 item
387 1166 487 1229 Indiae
506 1165 640 1227 arborum
657 1167 888 1242 magnitudinem.
925 1185 1010 1230 mam
1028 1185 1047 1227 e
1067 1187 1158 1248 peon·

55 1303 58 1316 .
150 1253 269 1314 lienibus
287 1251 386 1314 Indiae
401 1251 549 1329 Vergilius
570 1251 732 1312 celebravit
749 1250 909 1327 hebenum,
931 1271 1074 1331 nusquam
1089 1255 1159 1315 alilti

150 1339 230 1400 nasot
254 1338 415 1416 professus.
451 1334 616 1402 Herodotus
639 1353 702 1397 eam
717 1333 892 1414 Aethiopiae
909 1337 1160 1414 intellegimaluit

150 1423 179 1482 in
194 1421 291 1482 tributi
302 1423 396 1482 vinem
409 1421 528 1499 regibus
540 1418 667 1483 Persidis
684 1437 701 1481 e
717 1421 837 1482 mmeria
850 1421 913 1480 eius
930 1429 1070 1482 emmas
1087 1421 1158 1500 plna·

151 1506 251 1583 langas
272 1507 359 1568 tortio
381 1522 498 1585 quoque
514 1520 588 1566 anno
604 1505 768 1580 pensitasse
783 1503 944 1584 Aethiopas
959 1521 1024 1564 oum
1038 1515 1188 1568 anenata

109 1597 142 1651 18
154 1589 244 1650 ebore
260 1589 421 1667 prodendo.
455 1587 520 1650 Nou
535 1587 720 1650 omittendum
733 1585 763 1648 id
780 1605 913 1666 quoquo,
924 1590 1049 1648 vicenos
1062 1591 1159 1650 denda

151 1671 370 1749 elephantorum
384 1673 517 1750 grandis,
535 1671 670 1750 qnoniam
686 1672 727 1732 ita
742 1671 929 1748 siquidm,
942 1671 1108 1751 Aethiopas
1124 1691 1160 1734 ea

151 1755 188 1816 de
208 1771 296 1816 eausa
320 1757 450 1833 paudere
473 1755 587 1818 solitos
626 1763 706 1816 tanta
720 1753 983 1816 eborisnotoritas
998 1766 1063 1818 erat
1075 1759 1160 1818 urhis

149 1848 267 1900 nostrae
289 1851 387 1900 cccx.
409 1855 495 1902 anuo.
538 1849 604 1900 tuno
625 1842 699 1900 enim
722 1847 826 1900 auctor
844 1840 897 1900 ille
919 1839 1070 1900 lnistodam
1094 1859 1159 1902 eam

151 1922 278 1984 uendidit
293 1921 406 1986 Thuriis
426 1921 561 1985 initalia.
595 1939 652 2001 quo
673 1923 765 1999 magis
778 1925 880 1986 mirum
897 1934 943 1984 est
964 1925 1043 2004 qnod
1061 1925 1188 1988 eidemn

151 2006 295 2068 oredimus
318 2008 369 2088 qui
387 2007 494 2071 Padum
516 2023 626 2070 amnem
641 2007 762 2068 vidisset
781 2010 923 2070 neminem
941 2007 978 2069 ad
998 2009 1158 2088 idternpns

109 2100 142 2155 19
153 2091 244 2158 Asiae
259 2091 460 2170 Graeciaeque
478 2100 528 2154 aut
540 2092 596 2154 silai
613 2092 768 2169 adgnitum.
802 2092 979 2172 Aethiopiae
999 2092 1112 2167 forma,
1129 2099 1159 2152 nt

107 2195 165 2237 aar
173 2175 312 2254 diximus,
334 2193 428 2256 nuper
449 2177 544 2240 adlata
558 2174 669 2238 Noram
687 2177 810 2254 prinoipi
830 2193 924 2238 raram
943 2175 1080 2236 arborem
1098 2176 1158 2237 lte·

147 2277 222 2322 roen
236 2281 329 2341 usque
348 2281 364 2322 a
380 2263 478 2336 Syene
494 2262 550 2322 line
571 2261 675 2339 imperi
697 2278 751 2338 per
765 2268 962 2322 Docccxovt
977 2259 1005 2319 lt
1021 2259 1173 2338 passuum

147 2343 313 2424 nullamque
328 2347 382 2408 nisi
402 2345 562 2422 pulmarum
573 2345 696 2422 genonis
710 2363 778 2406 asae
796 2345 904 2406 docuit
940 2344 1007 2404 ideo
1021 2345 1187 2405 sermssiss

150 2430 180 2488 in
195 2429 292 2490 tributi
308 2430 478 2491 auotoritate
497 2431 581 2490 tertia
596 2447 645 2490 res
659 2429 749 2490 tuerit
765 2429 920 2492 ueneno„
1229 2429 1231 2436 ’

106 2520 143 2572 20
216 2511 282 2590 (9.)Ι
301 2511 412 2572 Romae
428 2529 492 2572 eam
505 2511 625 2590 Magnus
637 2511 791 2590 Pompeius
804 2513 947 2592 triumplsd
961 2511 1159 2574 Mithridatico

150 2594 287 2654 ostendit
328 2595 450 2661 nouandi
471 2593 615 2660 Fabianus
638 2605 743 2674 negat,
766 2599 857 2658 uritur
878 2607 974 2658 tamen
999 2597 1097 2658 odore
1119 2599 1158 2656 iu-

110 2737 112 2742 .
150 2676 254 2738 eundo.
287 2677 466 2756 dungenera
483 2681 561 2744 aius:
579 2681 949 2760 numerumnunerum,
967 2681 1077 2741 ardore
1088 2683 1159 2742 rniro

150 2761 253 2836 enodi,
276 2765 397 2824 materie
421 2765 496 2842 nigri
513 2766 679 2844 splendoris
696 2784 731 2827 ao
745 2765 873 2827 veltsiue
890 2775 952 2828 arte
966 2766 1105 2843 protinus
1119 2767 1189 2826 imos

150 2845 245 2922 oundi‚
257 2846 380 2909 alterum
392 2847 563 2912 trutiooaum.
579 2851 665 2925 optisl
674 2851 762 2912 modo
775 2859 806 2913 et
818 2850 970 2922 tatalndlt
981 2849 1157 2926 dispersam.

106 2941 138 2994 21
214 2929 244 2990 5.
267 2930 351 3010 (10.)
375 2929 429 2990 Est
444 2929 485 2992 ibi
505 2943 537 2996 et
551 2936 633 3012 spina
654 2934 828 3000 nuntiaret
849 2933 1033 3012 tleprolransa
1049 2935 1101 2993 vel
1119 2934 1160 2994 ln·

150 3016 245 3076 cernis
265 3016 324 3092 igni
346 3016 476 3094 protinus
491 3019 680 3080 transiliente.
717 3018 801 3080 Nune
815 3037 869 3078 eas
889 3035 1071 3096 exponemus
1086 3035 1162 3096 quas

151 3101 251 3160 mirata
268 3109 317 3166 est,
327 3099 491 3162 Alexandri
500 3101 596 3180 llapni
611 3105 733 3164 viatoria
750 3103 822 3164 orlaa
837 3102 1050 3181 eopetelnmo.

107 3191 142 3245 tt
216 3184 300 3264 (11.)
324 3181 411 3246 Fious
426 3184 465 3248 ibi
482 3187 550 3252 anili
565 3205 663 3266 pomo,
681 3205 714 3248 se
730 3189 795 3266 ipsa
808 3204 928 3266 sempor
940 3203 1055 3262 serens,
1068 3187 1191 3249 mensa

150 3267 314 3348 diffunditur
328 3271 415 3333 ramis
437 3285 558 3348 quornm
573 3273 621 3332 imi
636 3273 787 3332 interram
801 3272 877 3334 adeo
892 3279 1047 3332 onrvsntnr
1062 3279 1093 3330 ut
1110 3288 1159 3330 an·

9 3331 10 3392 Ῐ
66 3369 90 3414 „a
149 3363 206 3410 nuo
223 3353 316 3430 spatio
331 3353 486 3431 inligantur
499 3371 660 3434 novamque
676 3356 732 3416 sihi
746 3356 937 3434 propaginem
954 3355 1064 3416 inuiam
1079 3356 1161 3414 oinos

9 3439 10 3448 ’
149 3444 299 3511 parentem
326 3438 355 3500 in
380 3439 480 3502 orbem
507 3439 629 3521 quadan
649 3457 745 3519 opere
765 3441 908 3518 topiario„
940 3441 1160 3518 intrasanpesn
