2444 3910
158 217 199 279 22
499 231 530 279 c.
551 231 647 278 aurun
670 227 819 278 sacuam

157 386 266 459 vetuit,
288 393 317 442 et
340 383 429 444 lascis
446 383 603 444 litterarum
622 385 724 441 ianuae
744 381 874 440 submisit
895 381 919 438 is
942 380 989 438 oui
1011 398 1047 440 se
1064 382 1173 440 oriens

157 467 353 546 occidensque
374 467 555 528 submiserat.
589 465 662 526 (lato
679 466 828 526 censorius
850 465 878 522 in
896 463 947 523 illa
967 464 1064 523 nobili
1080 465 1173 524 trium

158 552 316 628 sapientiae
342 569 497 630 procerum
520 551 556 614 ab
577 550 698 610 Athenis
720 548 865 626 legatione
887 547 983 608 audito
1007 545 1172 610 Carneade

158 637 362 713 quamprimum
385 635 500 712 legatos
523 652 576 695 eos
596 636 706 694 censuit
727 631 928 705 dimittendos,
949 633 1092 709 quoniam
1117 632 1172 692 illo
1211 645 1212 658 ¹

156 719 220 778 viro
236 727 451 796 argumentante
467 718 535 796 quid
545 719 609 778 veri
622 725 702 778 esset
713 717 780 776 baut
794 717 882 776 incile
902 715 1028 774 discerni
1046 725 1190 793 possets

116 811 279 880 lltqnanta
294 819 404 861 morum
426 803 613 862 conmutatio!
644 801 695 860 ille
720 817 836 879 semper
857 799 983 878 alioquin
1004 801 1171 859 universos

157 903 194 946 en
214 885 296 946 ltalia
317 883 472 965 pellendos
494 888 606 946 censuit
628 883 773 958 Graecos,
796 893 825 944 at
845 897 992 962 pronepos
1014 883 1084 942 eius
1106 881 1170 942 Uti·

157 971 254 1029 censis
270 966 342 1027 Cato
361 985 446 1026 ununr
461 986 499 1027 ex
515 969 657 1029 tribunatu
671 968 788 1028 rnilitum
804 965 1019 1046 philosophum,
1036 967 1171 1040 alterum

157 1071 196 1112 ex
214 1050 321 1130 Cypria
335 1051 482 1128 legatione
503 1052 681 1131 deportavit,
698 1050 876 1129 eandemque
892 1050 1016 1127 linguam
1031 1067 1074 1108 ex
1090 1051 1169 1110 duo-

156 1135 210 1195 bus
227 1132 384 1194 Catonibus
399 1136 427 1194 in
441 1135 492 1196 illo
511 1136 657 1213 abegisse,
673 1137 702 1192 in
718 1135 774 1194 hoc
789 1137 953 1213 inportasse
969 1133 1170 1194 memorabile
1178 1149 1196 1188 o

115 1228 167 1280 114
176 1225 230 1276 est.
262 1218 320 1278 Sed
338 1229 368 1278 et
385 1228 548 1292 nostrorum
568 1219 690 1296 gloriam
712 1235 948 1296 percenseamus.
978 1217 1063 1278 Prior
1087 1218 1169 1277 Airi-

158 1318 246 1360 canus
262 1301 298 1376 Q.
314 1301 388 1361 linui
409 1311 530 1362 statuam
550 1303 709 1381 sepulchro
730 1317 783 1361 suo
801 1303 899 1380 inponi
921 1301 1017 1376 iussit,
1036 1301 1169 1361 clarum·

157 1403 214 1463 que
234 1385 305 1446 illud
321 1402 443 1459 nomen,
464 1388 550 1446 immo
566 1403 639 1446 vero
660 1385 783 1464 spolium
806 1403 844 1445 ex
863 1387 948 1445 tertia
970 1385 1049 1444 orbis
1103 1394 1167 1444 arte

156 1478 285 1546 raptum,
313 1470 341 1528 in
363 1472 461 1529 cinere
484 1488 620 1548 supremo
642 1487 706 1528 cum
727 1478 833 1547 poetae
853 1470 936 1530 titulo
959 1468 1029 1545 legi.
1066 1405 1167 1528 divos

157 1551 304 1628 Augustus
321 1554 444 1611 carmina
461 1551 574 1630 Vergili
590 1555 711 1613 cremari
728 1563 828 1613 contra
844 1555 1007 1613 testamenti
1023 1554 1091 1611 eius
1115 1569 1192 1610 ve-rs

157 1635 322 1695 recundiam
337 1637 436 1711 vetuit,
455 1639 603 1716 maiusque
615 1639 654 1696 ita
664 1638 722 1696 vati
735 1637 926 1696 testinnonium
941 1635 1060 1713 contigit
1074 1653 1166 1716 quarn

114 1718 199 1779 ussi
215 1719 278 1796 i-pse
301 1737 352 1777 sun
377 1720 570 1797 probavisset.
606 1720 643 1780 ll.
666 1719 805 1780 Varronis
822 1722 849 1780 in
868 1720 1061 1792 bibliotheca,
1087 1737 1166 1797 quae

156 1804 246 1878 prima
258 1803 287 1860 in
299 1801 371 1861 orbe
384 1799 420 1862 ab
434 1803 535 1863 Asinio
547 1803 680 1863 Pollione
693 1821 730 1863 ex
740 1804 880 1864 manubiis
892 1804 1037 1882 publicata
1048 1802 1165 1863 Romae

158 1894 213 1959 est,
230 1887 312 1944 unius
327 1887 450 1946 viventis
466 1889 560 1967 posita
576 1889 670 1964 imago
686 1897 741 1964 est,
757 1888 825 1948 baut
844 1889 964 1963 minore,
980 1897 1010 1948 ut
1024 1887 1165 1965 equidem

156 1984 234 2042 reor,
250 1968 355 2045 gloria,
375 1971 506 2048 principe
522 1981 639 2030 oratore
649 1979 684 2029 ‘et
699 1975 763 2031 eise
778 1989 816 2031 ex
826 1971 876 2032 illa
888 1973 1068 2049 ingeniorum
1085 1986 1191 2050 quaest

156 2059 224 2111 tuuc
235 2052 288 2111 fuit
298 2053 475 2113 multitudine
487 2056 534 2114 uui
546 2055 620 2114 hanc
635 2071 771 2115 coronam
783 2056 878 2131 dante,
891 2073 975 2134 quam
988 2073 1053 2114 cum
1064 2055 1164 2114 eidem

115 2141 165 2196 116
175 2133 295 2213 llaguus
310 2136 466 2215 Pompeius
478 2140 598 2217 piratico
613 2156 650 2198 ex
665 2137 746 2200 bello
761 2139 893 2199 navalem
910 2139 997 2200 dedit.
1028 2136 1163 2197 lunume·
1211 2171 1212 2174 =

157 2219 259 2281 rabilia
277 2219 380 2282 deinde
397 2231 462 2282 sunt
478 2223 613 2303 exempla
629 2222 768 2297 Romana,
785 2224 809 2281 si
823 2223 963 2301 persequi
978 2221 1079 2298 libeat,
1098 2239 1163 2280 oum

156 2304 247 2382 pluris
265 2323 319 2366 una
338 2324 412 2383 gens
433 2309 461 2366 in
481 2324 662 2386 quocumque
682 2323 793 2383 genere
814 2307 935 2366 eximios
955 2305 1055 2365 tulerit
1074 2322 1162 2382 quam

157 2397 275 2448 ceterae
289 2399 394 2450 terrae
424 2391 477 2450 sed
495 2409 552 2469 quo
569 2401 609 2465 te,
628 2389 665 2449 ll.
680 2389 771 2464 l'ulli,
790 2388 905 2467 piaculo
924 2399 1190 2466 mesammones

156 2487 287 2530 maxume
314 2471 508 2532 excellentem
533 2475 638 2549 insigni
660 2469 847 2551 praedicem?
871 2473 929 2552 quo'
953 2473 1049 2550 potius
1075 2485 1162 2549 wara

158 2553 284 2612 universi
306 2554 421 2631 populi,
443 2554 519 2614 illius
540 2557 652 2632 gentis,
669 2557 846 2634 amplissimo
863 2557 1043 2631 testimonio,
1067 2564 1163 2614 etota

11 2655 16 2668 ’
116 2641 167 2696 117
176 2637 234 2692 vita
247 2644 294 2694 tua
308 2637 472 2696 consulatus
484 2645 591 2696 tautum
602 2639 742 2716 operibus
755 2639 878 2700 electis?
893 2650 924 2700 te
935 2640 1050 2700 dicente
1063 2637 1162 2716 legem

159 2719 316 2792 agrariam,
332 2719 389 2779 boc
407 2727 452 2780 est
469 2719 602 2781 alimenta
617 2739 685 2798 sua,
705 2722 912 2784 abdicaverunt
924 2722 1033 2796 tribus,
1047 2730 1079 2780 te
1096 2740 1160 2782 saa-

159 2800 245 2860 deute
263 2799 370 2862 Roscio
391 2803 541 2866 theatralis
562 2807 673 2866 auctori
693 2806 770 2883 legis
791 2808 965 2883 ignoverunt
985 2813 1189 2884 notatasquea

158 2903 191 2944 se
215 2884 378 2946 discrimine
400 2888 477 2948 sedis
501 2906 595 2966 aequo
623 2890 716 2949 animo
742 2890 884 2965 tulerunt,
906 2899 937 2949 te
958 2894 1062 2950 orante
1091 2905 1160 2967 pro·

158 2970 332 3048 scriptorum
362 2970 472 3030 liberos
498 2971 625 3032 bonores
651 2982 753 3051 petere
782 2974 898 3052 puduit,
930 2982 1009 3033 tuum
1037 2969 1161 3034 Catilina

157 3053 233 3130 legit
248 3053 407 3130 ingenium,
423 3047 458 3114 tu'
473 3054 512 3116 bl.
534 3055 688 3117 Antonium
708 3058 917 3137 proscripsisti.
948 3057 1030 3117 salve
1052 3058 1161 3134 primus

158 3138 281 3198 omnium
303 3154 408 3215 parens
427 3140 536 3216 patriae
552 3141 717 3218 appellate,
735 3142 843 3219 primus
860 3143 889 3200 in
905 3150 975 3218 toga
989 3139 1160 3217 triumphum

159 3220 333 3300 linguaeque
349 3222 476 3282 lauream
488 3223 606 3298 merite,
623 3234 652 3284 et
666 3224 818 3286 facundiae
834 3223 1034 3301 batiarsmque
1050 3222 1188 3282 littera-³⁵

159 3319 220 3363 rnna
235 3323 341 3382 parens
359 3315 456 3382 atque,
472 3315 503 3364 ut
519 3305 643 3368 dictator
659 3306 768 3368 Caesar
780 3306 873 3368 hostis
887 3309 1031 3386 quondam
1046 3314 1112 3366 tuus
1123 3306 1159 3366 de

159 3393 188 3442 te
203 3390 330 3464 scripsit,
346 3390 469 3450 omnium
485 3390 691 3468 triumphorum
707 3391 804 3452 laurea
820 3391 943 3452 maiore!
974 3390 1159 3468 quantoplus

159 3476 204 3526 est
215 3470 311 3544 ingeni
320 3472 440 3533 llomaui
452 3475 590 3533 terminos
601 3474 629 3532 iu
641 3483 748 3533 tanturn
759 3476 942 3551 promovisse
953 3474 1155 3553 quamTinrperi.
