2482 3910
183 169 241 232 188
266 139 269 158 ¹
508 179 818 230 o.rn1ra1sacumo1
923 158 926 165 '

140 347 190 404 176
244 337 328 416 (66.)
352 335 500 396 Tonsillae
516 337 544 394 in
561 335 691 410 homine,
706 337 735 394 in
751 350 803 394 sue
819 333 983 412 glandulae.
1015 333 1096 412 quod
1117 335 1193 392 inter

182 439 232 482 eas
248 438 321 480 uuae
344 421 458 479 nomiae
480 418 579 478 ultimo
597 418 744 497 dependet
765 419 862 497 palato
883 418 988 477 homini
1004 425 1121 476 tantum
1138 425 1192 477 est

180 506 235 565 sub
257 523 292 566 ea
314 507 407 564 minor
429 503 526 580 lingua
541 501 611 562 nulli
634 519 689 562 ora
706 505 914 580 generantium.
947 519 1038 581 opera
1056 502 1125 560 eius
1142 521 1192 579 ge-

181 591 255 650 mina
277 587 387 649 duabus
407 588 595 665 interpositae
617 587 728 646 listulis.
758 587 878 646 interior
898 595 996 646 earum
1019 585 1194 664 appellator

142 683 191 740 176
201 675 305 734 arteria
327 673 363 733 ad
386 671 548 751 pulmonem
569 679 660 750 atque·
679 688 731 730 cor
749 672 907 750 pertinens.
944 671 1018 730 lrano
1039 671 1146 748 operit
1166 671 1211 728 ias

182 757 326 836 epulando
341 755 442 834 spiritu
458 764 488 814 et
501 771 579 814 voce
596 755 646 814 illa
664 763 795 831 meante,
812 773 864 830 ne,
879 757 903 813 si
917 763 1002 834 potua
1021 753 1150 812 cibusve
1166 756 1193 812 in

183 843 307 901 alienum
328 840 507 899 deerraverit
528 841 685 913 tramitem,
705 848 848 918 torqueat.
882 839 974 898 altera
989 839 1190 916 exteriorap

182 923 308 1004 pelletur
328 941 397 984 saue
420 922 505 999 gula,
533 939 588 1000 qua
610 921 690 982 cibos
712 933 798 1004 atque
825 931 910 1002 potus
937 921 1074 983 devolat!
1099 921 1191 980 tendit

183 1009 258 1067 haec
279 1008 313 1066 ad
336 1006 528 1081 stomachum,
549 1007 574 1064 is
596 1006 630 1066 ad
649 1017 790 1068 ventrem.
821 1007 894 1066 bauo
915 1023 969 1086 per
987 1007 1062 1064 vicis
1081 1006 1186 1084 operui,

183 1107 247 1150 cum
268 1091 384 1168 spiritus
407 1099 512 1150 tantum
534 1099 582 1149 aut
597 1109 656 1150 vox
676 1101 826 1168 commeat,
839 1109 876 1150 ne
890 1091 1071 1168 restagnatio
1087 1091 1214 1150 intem-¹⁰

182 1177 296 1254 pestiva
319 1174 376 1234 alvi
397 1175 556 1252 obstrepat.
589 1193 627 1234 ox
649 1176 820 1254 cartilagine
835 1185 865 1235 et
879 1173 966 1235 carn‘e
983 1175 1105 1250 arteria,
1123 1174 1187 1252 gula

183 1277 305 1320 enervo
321 1268 351 1318 et
367 1277 453 1318 carae
469 1268 590 1319 constat.

141 1350 191 1407 177
247 1343 330 1422 (67.)
355 1340 463 1402 Coruin
477 1343 548 1402 nulli
559 1344 614 1402 nisi
629 1341 732 1420 quibus
748 1351 870 1422 utraque
886 1343 969 1402 baec.
1002 1343 1117 1402 ceteris
1131 1341 1185 1401 ool·

183 1427 256 1503 lum,
273 1427 376 1506 quibos
391 1436 498 1487 tautum
515 1426 592 1502 gula.
622 1425 675 1486 sed
691 1426 795 1505 quibus
811 1429 927 1503 cervix,
944 1445 961 1485 e
976 1427 1075 1486 multis
1092 1434 1184 1486 verte

182 1511 331 1590 bratisque
347 1511 529 1571 orbiculatim
545 1509 660 1568 ossibus
674 1510 779 1570 llexilis
801 1512 836 1570 ad
856 1513 1103 1589 circumspectum
1125 1511 1183 1569 arti·
1192 1521 1213 1562 11

185 1596 315 1654 culorum
334 1595 417 1654 nodis
436 1596 579 1671 iungitur,
605 1595 682 1654 leoni
698 1603 802 1654 tantum
820 1603 850 1654 et
871 1595 940 1673 lupo
958 1603 987 1653 et
1001 1594 1139 1668 hyaenae
1153 1609 1185 1652 ex

142 1685 193 1741 178
204 1679 324 1755 singulis
349 1680 497 1756 rectisque
511 1678 627 1736 ossibus
643 1680 750 1756 rigens.
781 1688 882 1739 cetero
898 1680 998 1757 spinae
1012 1677 1184 1751 adnectitur,

184 1764 266 1842 spina
283 1762 402 1836 lumbis,
419 1778 505 1820 ossea
520 1762 573 1821 sed
587 1764 672 1821 tereti
688 1772 846 1837 structura,
865 1779 919 1841 per
936 1761 1031 1822 media
1048 1761 1185 1822 foramina

185 1865 200 1906 a
225 1846 350 1906 cerebro
373 1845 498 1905 medulla
529 1846 735 1906 descendente.
775 1831 895 1906 eandem
918 1863 985 1906 esse
1009 1847 1038 1904 ei
1057 1856 1185 1906 naturam

106 1957 109 1970 ·
185 1949 268 2010 quam
284 1929 407 1989 cerebro
432 1929 588 2006 colligunt,
611 1932 744 2008 quoniam
764 1931 914 2010 praetenui
938 1932 999 1990 eins
1020 1929 1212 1990 membranas

184 2015 269 2074 modo
291 2015 382 2074 incisa
396 2014 491 2073 statim
507 2013 680 2090 exspiretur.
713 2015 823 2088 Quibus
838 2015 926 2092 longa
942 2031 1026 2074 crura
1043 2015 1080 2072 iis
1103 2015 1186 2091 longa

157 2120 161 2131 ·
186 2107 215 2157 et
237 2097 330 2173 colla,
353 2099 421 2157 item
445 2098 584 2176 aquaticis
612 2101 741 2176 quamvis
761 2099 861 2159 brevia
892 2115 974 2158 crura
1001 2097 1186 2173 habentibus,

185 2183 269 2242 simili
284 2183 370 2242 modo
386 2199 476 2241 uncos
492 2183 604 2258 unguis.

145 2273 194 2330 179
253 2265 336 2344 (68.)
361 2265 462 2326 Guttur
477 2266 583 2325 homini
603 2275 709 2326 tantum
725 2275 754 2326 et
769 2266 857 2326 sabas
873 2266 1037 2325 intumescit
1052 2283 1185 2345 aquarum

186 2367 259 2427 quae
274 2357 406 2426 potantur
418 2349 588 2428 plerumque
605 2351 685 2410 ritlo.
718 2362 856 2410 summum
867 2351 953 2427 gulae
966 2349 1068 2410 lances
1080 2363 1212 2410 vocar-as

185 2441 247 2504 tur,
272 2441 431 2491 extremum
453 2435 627 2494 stomachus.
665 2433 722 2492 lroo
744 2437 858 2494 nonrine
876 2443 921 2493 est
941 2433 993 2494 sab
1009 2437 1119 2493 arteria
1135 2437 1185 2494 iam

187 2531 309 2572 carnosa
325 2515 446 2574 inanitas
460 2515 572 2576 adnexa
588 2519 708 2596 spinae,
733 2519 769 2578 ad
787 2518 962 2578 latitudinem
978 2535 1012 2577 ac
1032 2517 1184 2594 longitudi-

145 2605 268 2660 leonem
283 2597 404 2656 lacunae
420 2599 506 2658 modo
520 2600 592 2660 lusa.
626 2601 737 2676 Quibus
753 2603 854 2661 fauces
869 2618 926 2660 non
943 2610 1008 2660 sunt
1022 2616 1069 2660 ne·
1081 2611 1183 2663 stoma·

187 2678 257 2739 clrus
273 2679 389 2757 quidem
404 2691 466 2757 est,
488 2701 543 2744 nec
565 2685 642 2744 colla
663 2702 719 2744 nec
733 2693 845 2762 111111,
867 2697 897 2746 11
917 2684 1063 2764 piscibus,
1091 2695 1121 2744 et
1136 2701 1185 2743 ora

186 2763 334 2823 ventribus
346 2766 508 2842 iunguntur.
536 2767 683 2828 Testudini
697 2772 824 2829 marinae
841 2769 937 2848 lingua
953 2769 1030 2828 nulla
1044 2785 1101 2828 neo
1118 2768 1219 2828 den-ao

185 2858 249 2923 tes,
264 2849 352 2908 rostri
363 2851 428 2908 aoie
445 2852 599 2912 conminuit
613 2854 716 2912 omnia
746 2863 849 2932 postea
862 2854 967 2913 arteria
980 2861 1009 2912 et
1021 2853 1184 2912 stomachus

187 2931 377 2993 denticulatus
398 2934 475 2994 callo
497 2936 525 2994 in
542 2935 657 2995 modum
675 2936 739 2996 rubi
758 2938 794 2997 ad
812 2936 1008 2998 conlioiendos
1031 2935 1116 2995 cibos
1136 2936 1183 2996 de·

186 3015 385 3078 crescentibus
403 3019 505 3080 taeniis
518 3019 654 3098 quidquid
669 3021 881 3100 adpropinquat
896 3023 999 3082 ventri
1029 3021 1183 3079 novissima

186 3104 329 3182 asperitas
347 3109 378 3162 111
393 3101 513 3163 scobioa
529 3103 649 3164 labrilis.
1105 3113 1108 3120 ’

145 3194 194 3248 181
252 3185 342 3264 (69.)
363 3182 423 3244 Gor
435 3187 601 3248 animalibus
617 3189 727 3249 ceteris
747 3190 844 3248 medio
860 3198 983 3268 pectore
1000 3197 1062 3262 est,
1078 3187 1212 3248 bomiuler

186 3277 292 3331 tantum
317 3269 398 3332 inire¹
417 3269 529 3330 laenam
554 3272 690 3350 papillam
705 3272 848 3332 turbinato
871 3289 1009 3333 mucrone
1035 3273 1064 3330 iu
1087 3273 1184 3350 priora

186 3355 326 3412 eminens.
358 3353 489 3431 piscibus
504 3354 575 3414 solis
590 3356 626 3416 ad
641 3375 675 3416 os
692 3363 814 3434 spectat.
850 3355 914 3416 lloc
929 3359 1050 3436 primam
1064 3371 1182 3415 nascen-

100 3443 120 3492 u
187 3433 263 3493 tibus
278 3435 395 3496 lormari
411 3439 439 3497 in
453 3447 537 3498 utero
547 3439 674 3526 traduat,
690 3439 795 3500 deinde
813 3440 975 3518 cerebrum,
992 3442 1069 3500 siout
1083 3438 1182 3500 tardis·

8 3525 10 3650 l

32 3695 93 3706 a*
