2462 3900
193 233 196 242 p
303 172 496 226 nsu.“1a1sr.
517 135 607 226 xn111.
629 177 673 228 aa.
687 164 744 248 (28.
761 165 820 250 tu.)
998 165 1059 226 277
1107 163 1121 194 ι

43 337 152 415 ipsum
166 335 223 394 iam
239 335 408 414 prinoipem.
435 349 491 409 nec
507 333 564 392 alic
579 335 670 410 magis
685 333 797 394 Drusus
810 331 920 394 Caesar
935 352 1058 412 regens·
1133 358 1135 366 ι

42 437 139 479 rasse
168 427 279 498 patrem
303 416 447 477 Tiberium
473 415 629 476 ferebatur.
670 415 817 499 Tqrquato
843 436 907 478 rara
934 419 1038 495 gloria,
1051 428 1103 484 146

4 525 6 562 ι
45 503 174 583 quando
199 511 229 562 et
249 502 323 564 haee
344 519 399 562 ars
412 502 475 561 suis
492 501 606 578 legibus
627 509 758 576 constat,
778 517 838 560 'non
858 502 973 564 labasse
997 521 1059 562 ser·

4 611 6 647 ι
44 605 161 662 mone,
185 600 242 645 non
258 585 384 645 levatum
401 585 557 644 vomitione
574 587 630 644 neo
647 585 703 650 alia
722 587 854 664 corporis
873 593 972 664 parte,
995 587 1060 646 dum

4 672 191 745 cohiberet,
217 671 368 730 matutinae
389 667 488 729 obisse
510 670 640 747 vigilias,
668 669 827 748 plurumum
850 669 982 730 hausisse
1004 687 1063 729 uuo·

4 779 7 816 ι
45 765 146 834 potu,
166 753 328 832 plurumum
343 761 497 831 praeterea
513 753 576 813 aliis
592 753 749 814 minoribus
766 753 929 828 addidisse,
944 763 1062 832 ,aptum

4 861 8 904 ι
46 841 112 900 lide
129 855 190 898 non
205 839 369 916 respirasse
384 838 412 896 in
424 837 582 898 hauriendo
599 855 694 916 neque
704 839 869 916 exspuisse,
886 837 1013 916 nihilque
1025 837 1062 899 ad

4 947 8 990 t
48 922 224 984 elidendum
246 924 274 981 in
295 921 466 1000 pauimentis
482 939 582 981 sonum
602 939 640 980 ex
655 923 723 980 uino
737 921 908 1000 reliquisse,
930 921 1060 998 diligenti

4 1035 7 1072 ι
46 1009 130 1066 scito
154 1007 252 1084 legum
273 1013 374 1064 oonba
396 1004 519 1065 bibendi
535 1005 676 1066 fallacias.
714 1004 843 1083 burgilla
866 1004 1040 1065 Ciceronem
1051 1012 1103 1068 14⁷

4 1091 90 1158 stolii.
110 1090 146 1149 F.
165 1089 251 1149 binos
266 1090 389 1166 congios
404 1089 487 1148 simul
501 1089 747 1163 hauriresolitum
762 1091 818 1168 ipsi
834 1089 933 1165 obicit,
948 1089 1061 1150 Marco·

4 1207 5 1244 ,
50 1191 113 1253 que
128 1175 284 1252 Agrippae
305 1191 322 1234 a
344 1173 501 1232 temulento
519 1171 659 1250 scyphum
678 1175 831 1250 inpactum.
863 1176 968 1233 etenim
987 1173 1062 1234 haec

4 1289 5 1322 2
51 1266 122 1317 sunt
142 1257 291 1318 ebrietatis
307 1275 408 1334 opera.
441 1256 494 1316 sed
507 1257 637 1314 nimirum
655 1256 729 1315 hano
743 1256 865 1333 gloriam
880 1257 998 1324 auferre
1014 1255 1061 1315 Gi·

4 1401 6 1414 ,
53 1359 129 1402 cero
149 1342 243 1402 uoluit
261 1340 550 1420 interlectoripatris
565 1341 608 1398 sui
623 1338 660 1399 ll.
677 1339 812 1400 Antonio.
842 1342 867 1399 is
883 1343 958 1400 enim
975 1349 1041 1400 ante
1052 1351 1104 1406 148

4 1456 8 1498 a
55 1443 124 1486 eum
142 1425 308 1485 avidissime
330 1424 564 1502 adprehenderat
583 1423 658 1484 hano
672 1423 795 1502 palmam
811 1425 889 1484 cdrto
906 1427 991 1486 etiam
1010 1442 1060 1485 vo·

4 1529 43 1582 ,sc
54 1511 166 1569 lumine
182 1509 218 1568 de
235 1525 286 1568 sua
302 1508 460 1584 ebrietate,
473 1524 539 1586 -quo
555 1507 730 1586 patrocinari
745 1508 800 1567 sibi
814 1525 902 1568 aursus
914 1508 1061 1586 adproba—

4 1629 8 1670 ,
53 1595 97 1653 vit
112 1594 217 1672 plane,
238 1601 269 1652 ut
285 1593 418 1671 equidem
429 1591 571 1668 arbitror,
590 1601 694 1670 quanta
709 1593 783 1652 mala
798 1611 852 1671 per
866 1591 1062 1673 temulentiam
1093 1605 1098 1617 ·

54 1688 201 1738 terrarum
224 1677 288 1736 orbi
308 1677 461 1736 intulisset.
493 1677 599 1754 exiguo
614 1685 747 1755 tempore
762 1685 827 1736 ante
845 1677 988 1755 proelium
1001 1676 1060 1736 hc·

4 1799 7 1840 ,
55 1764 164 1822 tiacum
174 1762 204 1840 id
214 1762 351 1821 uolumen
365 1761 501 1837 evomuit,
520 1777 577 1838 quo
595 1761 683 1820 iacile
698 1761 884 1839 intellegatur
897 1761 995 1822 ebrius
1007 1762 1061 1820 iarn
1103 1769 1107 1772 “
1167 1797 1184 1814 ιι

4 1887 7 1922 ,
57 1847 200 1923 sangnine
215 1847 319 1906 civium
332 1854 364 1904 et
378 1853 458 1905 tanto
474 1846 564 1922 magis
580 1863 646 1904 enm
661 1847 771 1905 sitiens.
802 1863 924 1924 namque
939 1855 970 1905 et
985 1845 1060 1905 haec
1082 1867 1087 1876 ’

4 1950 47 2006 ,so
57 1931 221 1990 necessitas
236 1931 334 1990 uitium
351 1932 501 1990 comitatur
514 1939 545 1989 ιιι
561 1928 677 1989 bibendi
690 1929 869 1990 consuetudo
881 1938 987 2008 augeat
1001 1931 1061 1990 avi*
1177 1932 1178 1940 ’

4 2053 7 2092 ,
59 2015 195 2090 ditatam,
221 2015 381 2092 scitumque
400 2023 446 2084 est
459 2014 631 2088 Scytharum
646 2014 751 2089 legati,
769 2023 881 2090 quarm
900 2015 964 2090 plus
980 2012 1061 2074 bibe·

4 2139 7 2174 ,
59 2099 115 2156 rint
130 2107 209 2158 tanto
224 2099 316 2173 magis
331 2098 414 2155 sitire
429 2097 561 2157 Parthos.

123 2182 206 2259 (29.)
230 2180 283 2239 Est
308 2189 338 2236 et
351 2176 519 2237 occidentis
537 2176 653 2254 populis
673 2193 724 2235 sua
740 2176 869 2236 ebrietas
883 2176 969 2255 iunge
983 2187 1104 2243 ura-149

4 2265 143 2340 dida,
172 2262 304 2362 pluribus
323 2261 416 2320 modis
442 2277 496 2338 per
519 2260 626 2322 Gallias
649 2257 877 2339 Hispaniasque,
901 2260 1077 2326 nominibus

4 2351 124 2430 ,aaaliis
145 2346 198 2406 sed
219 2347 332 2406 ratione
356 2343 466 2405 eadem.
498 2343 683 2422 Hispaniae'
674 2360 729 2403 ram
747 2353 776 2404 et
794 2352 967 2405 uetustatem
982 2344 1062 2404 ferre

4 2462 6 2514 p
60 2443 97 2494 'ea
121 2447 229 2508 genera
255 2430 424 2490 docuerunt.
460 2428 612 2527 Aegyptus
631 2443 747 2508 quoque
770 2428 887 2506 strage
906 2428 960 2488 sibi
977 2437 1062 2507 potus

63 2515 161 2576 similis
180 2514 374 2614 excogitavit,
396 2512 563 2593 nullaque
556 2531 584 2572 ιιι
601 2521 683 2592 parte
699 2513 795 2572 mundi
811 2522 909 2573 cessat
924 2513 1062 2590 ebrietas,

4 2589 6 2599 ’
63 2613 158 2660 meros
174 2599 282 2678 quippe
295 2599 430 2658 hauriunt
442 2598 509 2658 talis
524 2613 628 2672 sucos,
644 2615 700 2657 neo
716 2597 850 2658 diluendo
866 2607 896 2658 ut
910 2599 976 2658 uina
990 2598 1062 2658 miti-

4 2731 5 2742 ,
66 2691 140 2760 gant.
164 2691 201 2757 at,
220 2681 553 2757 Hercules,tlltctetlus
569 2683 669 2758 fruges
686 2697 790 2759 parere
805 2681 967 2742 videbatur.
994 2683 1062 2758 heu,

28 2768 133 2828 aomina
144 2767 276 2827 vitiorum
286 2765 432 2826 sollertia!
451 2767 596 2826 inuentum
606 2773 651 2826 est
659 2767 895 2845 quemadmodum
906 2783 980 2845 aqua
991 2782 1062 2845 quo·
1132 2791 1156 2813 κ

67 2868 120 2930 que
130 2850 295 2911 inebriaret
317 2849 382 2910 Duo
395 2859 460 2910 sunt
470 2850 600 2930 liquores
611 2849 740 2909 humanis
753 2850 925 2928 corporibus
937 2852 1040 2926 gratis
1053 2859 1105 2912 150
1154 2853 1159 2929 J

21 2935 136 3008 simi,
153 2937 229 2994 intus
243 2937 311 3011 vini,
328 2935 399 2994 ioris
415 2933 486 3010 olei,
502 2935 635 2994 arborum
648 2952 664 2992 e
679 2950 789 3009 genere
805 2933 888 2994 ambo
900 2935 1062 3012 praecipui,

70 3018 118 3077 sed
142 3019 199 3078 olei
225 3020 420 3079 necessarius.
457 3035 512 3076 nec
524 3021 665 3118 ‘segniter
688 3017 716 3076 in
743 3035 779 3078 eo
805 3021 864 3078 uita
892 3015 1061 3078 elaborauit.
1167 3017 1169 3019 ’

69 3111 167 3198 quanto
183 3111 278 3161 tamen
298 3105 326 3162 in
346 3104 444 3182 potu
434 3103 613 3179 ungeniosior
627 3101 714 3161 fuerit
734 3101 884 3182 adparebit
906 3101 941 3160 ad
962 3100 1062 3161 biben

33 3173 130 3250 aedium
152 3186 307 3263 generibus
331 3196 445 3246 centum
465 3189 614 3264 octoginta
640 3187 783 3285 quinque,
805 3188 831 3245 si
852 3185 969 3262 species
989 3201 1061 3244 uero

70 3271 258 3345 aestimentur,
277 3288 370 3348 paene
385 3270 493 3368 duplici
507 3287 625 3330 numero
638 3271 823 3347 excogitatis,
839 3277 976 3346 tantoque
993 3285 1062 3348 pau·
1110 3272 1113 3282 '

72 3353 188 3413 cioribus
205 3354 274 3426 olei,
294 3353 330 3412 de
346 3372 403 3432 quo
418 3356 595 3432 insequenti
610 3353 754 3414 uolumine
770 3353 908 3414 dicemus.

456 3499 657 3521 —l--—...
