2444 3908
170 171 210 232 78
515 183 544 230 c
562 183 657 233 surm
674 183 825 232 sucorum

170 357 234 400 conr
250 339 344 399 desint
357 341 442 400 etiam
460 339 580 406 nomina
589 341 641 398 eis
670 358 742 418 ques
758 342 868 402 nahvas
887 340 1052 421 appellant
1075 343 1189 422 aliquot

168 424 261 485 modis
286 421 442 503 Hispania,
469 424 545 500 nigri
564 422 684 484 velleris
710 426 883 503 praecipuas
912 423 1007 485 habet
1036 424 1177 488 Pollentia

168 511 246 569 iuxta
268 507 370 588 Alpis
393 511 448 568 iam
471 508 541 567 Asia
558 507 634 567 rutili
656 525 727 586 quas
753 507 930 584 Erythraeas
951 517 1091 584 vocant,
1119 511 1178 570 itu

168 593 295 667 Baetica
315 592 467 653 Canusium
482 592 564 691 inivi,
582 592 734 652 Tarentum
751 603 780 652 et
796 611 865 652 suae
881 591 1049 672 pulliginis.
1076 593 1178 656 sucidis

169 679 299 738 omnibns
317 678 457 736 medicata
468 678 521 734 vie.
538 675 640 736 istriae
651 675 861 755 Liburniaeque
877 676 936 755 pilo
948 678 1086 755 propior
1098 695 1190 756 qens

167 761 263 838 lanae,
280 764 364 840 penis
386 761 480 820 aliena
490 760 632 819 vestibus
647 770 676 819 et
690 779 774 860 qoam
798 761 912 821 Salacia
929 761 1087 822 scutulato
1103 771 1177 822 ten

169 846 371 906 commendat
363 862 391 903 ιιι
401 833 553 904 Lusitania.
570 845 668 903 similis
682 847 758 904 circa
770 844 906 904 Piscenae
917 846 1102 924 provinciae
1112 845 1176 906 Nm

167 929 324 1004 bonensis,
347 926 446 986 similis
465 935 494 986 et
515 929 543 986 in
565 927 721 1007 Aegypto
740 947 777 988 ex
801 946 856 1006 qua
877 931 968 988 vestis
990 929 1108 990 detrita
1131 949 1175 988 ner

168 1015 295 1092 pingitur
316 1029 473 1090 rursusque
496 1029 570 1070 aevo
592 1011 684 1072 durat
716 1021 761 1072 est
785 1022 815 1072 et
831 1012 923 1072 hirtae
943 1012 1005 1091 pilo
1021 1031 1138 1073 erasmo
1153 1017 1176 1075 in

166 1097 274 1174 tapetis
291 1097 485 1176 antiquissima
501 1097 602 1173 gratia.
618 1098 673 1156 iam
691 1105 772 1156 certe
791 1099 907 1175 priscos
925 1098 961 1156 iis
977 1114 1053 1156 usos
1072 1097 1194 1158 ttamen

168 1195 218 1240 rus
241 1189 343 1241 auctor
366 1189 419 1239 est.
451 1180 536 1240 aliter
555 1178 629 1240 haec
647 1179 722 1242 Galli
739 1183 873 1258 pingunt,
896 1181 980 1241 aliter
1002 1180 1176 1242 Parthorum

128 1273 300 1342 lingentes.
334 1264 429 1324 Lanae
450 1273 479 1324 et
494 1279 549 1342 per
563 1281 596 1323 se
613 1275 743 1325 conatam
763 1274 874 1324 vestem
896 1265 1073 1340 insimulet,
1092 1269 1119 1325 si
1134 1268 1175 1326 ad·

169 1349 251 1409 datur
265 1359 389 1422 acetum,
406 1351 489 1408 etiem
500 1348 580 1407 ierro
595 1350 748 1425 resistunt,
765 1351 850 1408 immo
864 1366 938 1408 vero
955 1351 1044 1408 etiam
1061 1351 1175 1427 ignibus

168 1436 325 1494 novissimo
342 1435 384 1493 sui
396 1441 595 1512 purgamento.
624 1435 732 1513 quippe
746 1435 827 1492 aenis
838 1433 1007 1512 polientium
1020 1441 1174 1496 extractae

168 1519 198 1576 ia
212 1519 329 1578 tomenti
342 1535 424 1578 usum
438 1518 555 1578 veniunt
568 1515 734 1592 Galliarum,
750 1526 781 1576 ut
791 1517 925 1593 arbitror,
941 1518 1074 1576 invento.
1096 1529 1193 1578 certet

61 1652 65 1666 s
170 1600 287 1660 Gallicis
302 1602 389 1661 hodie
410 1599 569 1662 nominibus
592 1601 781 1678 discernitur,
802 1619 859 1661 nec
873 1602 960 1661 iacile
976 1601 1108 1662 dixerim
1123 1621 1173 1681 qna

128 1683 212 1750 ruald
235 1693 329 1745 aetate
356 1687 497 1766 coeperit.
530 1685 653 1762 antiquis
674 1687 749 1745 enim
765 1695 850 1746 torus
872 1705 889 1744 e
911 1695 1074 1745 stramento
1104 1695 1172 1760 erat

171 1768 296 1846 qualiter
311 1770 487 1828 etiamnunc
510 1770 664 1828 incastris.
696 1787 825 1848 gausapa
849 1771 939 1848 patris
959 1771 1015 1829 mci
1032 1772 1172 1831 memoria

141 1901 144 1906 ,
170 1864 300 1930 coepero
325 1852 516 1931 amphimallia
542 1861 653 1928 nostra,
677 1855 751 1914 siout
773 1854 878 1913 villosa
905 1854 991 1913 etiarn
1017 1855 1170 1914 neutralia.
1204 1901 1205 1926 p

168 1954 232 1996 nam
247 1939 342 1997 tunica
358 1937 408 1996 lati
425 1936 522 1996 claui
514 1953 541 1995 m
566 1936 679 1996 modurn
704 1955 852 2017 gausapae
866 1939 926 1997 texi
952 1955 1029 1997 nuuc
1049 1931 1205 2015 primunaf

169 2021 278 2099 incipit.
307 2021 446 2081 Lanarum
463 2021 955 2098 nigraenullumcolorembibnnt.
989 2020 1027 2082 de
1044 2023 1169 2102 reliqua·
1204 2017 1205 2062 ἶ

127 2101 366 2190 9184ιιιιιιῐιιΐειιιιι
385 2107 444 2165 suis
460 2105 533 2165 locis
549 2105 701 2165 dicemus
693 2125 720 2164 ιιι
733 2105 893 2182 conchyliis
904 2107 989 2165 maris
1002 2115 1051 2166 aut
1067 2105 1169 2166 herba·
1204 2155 1205 2166 ,

125 2153 247 2274 ²¹¹⁵rum
264 2197 371 2251 natura
1204 2195 1205 2212 ¹

125 2283 177 2337 194
249 2277 332 2356 (74.)
350 2274 474 2334 Lanam'
466 2292 493 2333 ru
507 2275 573 2334 colu
586 2284 614 2334 et
629 2275 694 2333 iuso
706 2273 882 2352 Tanaquilis,
896 2291 970 2353 quae
983 2273 1092 2332 eadem
1106 2272 1170 2334 Gaia

168 2355 295 2419 Caecilia
310 2369 413 2419 vocata
429 2367 485 2435 est,
510 2359 537 2416 in
554 2359 664 2436 templo
679 2359 765 2418 Sanni
777 2358 897 2417 durasse
912 2357 1059 2436 prodente
1072 2375 1110 2418 se
1127 2377 1169 2418 an-
1160 2376 1190 2416 -ιι

169 2451 232 2502 ctor
248 2453 293 2500 est
308 2441 345 2502 Μ.
362 2442 471 2516 Varro,
496 2442 659 2522 laetamque
680 2442 716 2501 ab
739 2459 774 2501 ea
796 2450 894 2518 togam
916 2441 1028 2518 regiam
1049 2441 1168 2502 undula

167 2531 224 2581 tam
240 2526 267 2581 in
283 2525 355 2584 aede
371 2523 533 2600 Fortunae,
556 2543 612 2604 qua
628 2528 691 2586 Ser.
709 2525 819 2586 Pullius
840 2525 934 2585 iuerat
949 2543 1028 2591 usus.
1046 2526 1119 2586 inde
1134 2527 1168 2586 ia·

170 2614 244 2664 ctum
259 2617 290 2666 ut
302 2607 435 2666 nubentis
452 2609 581 2684 virgines
597 2612 783 2670 comitaretur
807 2610 890 2669 oclus
908 2618 1023 2687 compta
1041 2619 1072 2670 et
1089 2610 1168 2670 fusus

169 2706 233 2748 cnm
255 2691 383 2750 stamine.
419 2709 453 2752 ca
475 2694 565 2770 prima
588 2695 680 2753 texuit
705 2704 814 2753 rectam
829 2695 969 2768 tunicam,
993 2694 1091 2771 qualis
1110 2711 1169 2753 curn

126 2782 176 2837 195
185 2782 253 2850 toga
269 2792 340 2852 pura
356 2777 464 2836 tirones
484 2777 641 2843 induuntur,
654 2795 807 2856 novaeque
822 2787 939 2855 nuptae.
969 2777 1111 2838 undulata
1124 2788 1190 2836 reat

168 2860 220 2918 stis
243 2859 333 2938 prima
357 2878 373 2919 e
401 2860 606 2921 laudatissimis
625 2861 685 2921 luit.
729 2863 796 2922 inde
823 2861 1015 2921 sororiculata
1038 2861 1167 2920 delinxit.

168 2943 265 3021 Togas
279 2961 360 3002 rasas
376 2941 610 3023 Phryxianasque
634 2945 691 3006 divi
710 2945 829 3024 Augusti
848 2947 1012 3005 nouissimis
1029 2947 1167 3024 tempori·

167 3028 220 3088 bus
243 3027 379 3106 coepisse
400 3028 501 3088 scribit
522 3029 697 3090 Fenestella.
735 3029 858 3090 crebrae
879 3037 1079 3108 papaveratae
1101 3030 1166 3088 anti·

168 3115 299 3192 quiorem
315 3111 421 3172 hahent
437 3115 575 3190 originem
597 3117 650 3172 iarn
667 3113 719 3172 sub
737 3113 846 3174 Lucilio
870 3122 958 3192 poete
974 3114 1002 3171 in
1019 3111 1166 3190 Torquato

167 3207 293 3260 notatae.
325 3204 495 3275 praetextae
517 3199 591 3277 apud
612 3197 753 3258 Etruscos
775 3199 915 3275 originem
937 3199 1088 3256 invenere.
1113 3207 1190 3256 trs-u

168 3279 230 3340 heis
239 3299 307 3342 usos
316 3281 428 3360 accipio
437 3297 535 3358 reges,
552 3282 805 3361 pictusvestisiam
817 3282 892 3361 apud
901 3281 1163 3353 Homerumluissc‚

125 3363 258 3427 196unde
274 3365 460 3444 triumphales
476 3375 569 3426 natae.
603 3385 656 3426 acu
671 3366 772 3426 lacere
793 3367 821 3426 id
838 3367 969 3442 Phryges
984 3365 1162 3437 invenerunt,

168 3445 294 3524 ideoque
313 3449 505 3530 Phrygioniae
522 3450 687 3528 appellatae
704 3459 777 3508 sunt.
812 3469 910 3510 aurum
924 3451 1057 3508 intexere
1076 3451 1105 3508 iu
1119 3465 1161 3508 ea·

876 3565 880 3594 i
