<?xml version="1.0" encoding="UTF-8"?>
<!DOCTYPE html PUBLIC "-//W3C//DTD XHTML 1.0 Transitional//EN"
    "http://www.w3.org/TR/xhtml1/DTD/xhtml1-transitional.dtd">
<html xmlns="http://www.w3.org/1999/xhtml" xml:lang="en" lang="en">
 <head>
  <title>
</title>
<meta http-equiv="Content-Type" content="text/html;charset=utf-8" />
  <meta name='ocr-system' content='tesseract 3.04.00' />
  <meta name='ocr-capabilities' content='ocr_page ocr_carea ocr_par ocr_line ocrx_word'/>
</head>
<body>
  <div class='ocr_page' id='page_1' title='image "./cplinisecundina12plingoog_0112.png"; bbox 0 0 2444 3908; ppageno 0'>
   <div class='ocr_carea' id='block_1_1' title="bbox 278 192 1064 317">
    <p class='ocr_par' dir='ltr' id='par_1_1' title="bbox 278 192 1064 317">
     <span class='ocr_line' id='line_1_1' title="bbox 278 192 1064 317; baseline 0.003 -41"><span class='ocrx_word' id='word_1_1' title='bbox 278 229 359 276; x_wconf 79' lang='lat' dir='ltr'><strong>usn.</strong></span> <span class='ocrx_word' id='word_1_2' title='bbox 376 228 467 276; x_wconf 84' lang='lat' dir='ltr'><strong>nrsn.</strong></span> <span class='ocrx_word' id='word_1_3' title='bbox 484 227 559 275; x_wconf 82' lang='lat' dir='ltr'><strong>vnn.</strong></span> <span class='ocrx_word' id='word_1_4' title='bbox 575 192 705 277; x_wconf 68' lang='lat' dir='ltr'><strong>&#39;ee-so.</strong></span> <span class='ocrx_word' id='word_1_5' title='bbox 721 216 876 295; x_wconf 78' lang='lat' dir='ltr'><strong>(et—61.)</strong></span> <span class='ocrx_word' id='word_1_6' title='bbox 1024 215 1064 317; x_wconf 57' lang='lat'><strong>⁶1⁹</strong></span> 
     </span>
    </p>
   </div>
   <div class='ocr_carea' id='block_1_2' title="bbox 8 381 1149 3569">
    <p class='ocr_par' dir='ltr' id='par_1_2' title="bbox 34 381 1064 462">
     <span class='ocr_line' id='line_1_2' title="bbox 34 381 1064 462; baseline 0.001 -19"><span class='ocrx_word' id='word_1_7' title='bbox 34 393 111 458; x_wconf 82' lang='lat' dir='ltr'><strong>tes,</strong></span> <span class='ocrx_word' id='word_1_8' title='bbox 131 381 211 442; x_wconf 89' lang='lat' dir='ltr'><strong>haec</strong></span> <span class='ocrx_word' id='word_1_9' title='bbox 227 393 309 442; x_wconf 89' lang='lat' dir='ltr'><strong>erant</strong></span> <span class='ocrx_word' id='word_1_10' title='bbox 323 381 459 443; x_wconf 88' lang='lat' dir='ltr'><strong>lidissima</strong></span> <span class='ocrx_word' id='word_1_11' title='bbox 474 382 578 442; x_wconf 75' lang='lat' dir='ltr'><strong>auxilia</strong></span> <span class='ocrx_word' id='word_1_12' title='bbox 593 399 649 441; x_wconf 90' lang='lat' dir='ltr'><strong>nec</strong></span> <span class='ocrx_word' id='word_1_13' title='bbox 664 381 870 461; x_wconf 79' lang='lat' dir='ltr'><strong>stipendiorum</strong></span> <span class='ocrx_word' id='word_1_14' title='bbox 885 383 990 462; x_wconf 88' lang='lat' dir='ltr'><strong>indiga.</strong></span> <span class='ocrx_word' id='word_1_15' title='bbox 1017 403 1064 444; x_wconf 88' lang='lat' dir='ltr'><strong>ca·</strong></span> 
     </span>
    </p>

    <p class='ocr_par' dir='ltr' id='par_1_3' title="bbox 37 464 1063 546">
     <span class='ocr_line' id='line_1_3' title="bbox 37 464 1063 546; baseline 0.001 -20"><span class='ocrx_word' id='word_1_16' title='bbox 37 485 109 526; x_wconf 85' lang='lat' dir='ltr'><strong>nes</strong></span> <span class='ocrx_word' id='word_1_17' title='bbox 130 467 296 527; x_wconf 81' lang='lat' dir='ltr'><strong>defendere</strong></span> <span class='ocrx_word' id='word_1_18' title='bbox 312 464 436 527; x_wconf 79' lang='lat' dir='ltr'><strong>Cimbris</strong></span> <span class='ocrx_word' id='word_1_19' title='bbox 455 468 549 526; x_wconf 89' lang='lat' dir='ltr'><strong>caesis</strong></span> <span class='ocrx_word' id='word_1_20' title='bbox 565 466 665 526; x_wconf 93' lang='lat' dir='ltr'><strong>domns</strong></span> <span class='ocrx_word' id='word_1_21' title='bbox 687 483 786 526; x_wconf 89' lang='lat' dir='ltr'><strong>eornm</strong></span> <span class='ocrx_word' id='word_1_22' title='bbox 804 465 941 545; x_wconf 88' lang='lat' dir='ltr'><strong>planstris</strong></span> <span class='ocrx_word' id='word_1_23' title='bbox 955 470 1063 546; x_wconf 85' lang='lat' dir='ltr'><strong>inposi-</strong></span> 
     </span>
    </p>

    <p class='ocr_par' dir='ltr' id='par_1_4' title="bbox 38 550 1149 714">
     <span class='ocr_line' id='line_1_4' title="bbox 38 550 1064 628; baseline -0.001 -17"><span class='ocrx_word' id='word_1_24' title='bbox 38 561 112 611; x_wconf 84' lang='lat' dir='ltr'><strong>tas.</strong></span> <span class='ocrx_word' id='word_1_25' title='bbox 145 553 227 611; x_wconf 89' lang='lat' dir='ltr'><strong>canis</strong></span> <span class='ocrx_word' id='word_1_26' title='bbox 250 551 354 612; x_wconf 79' lang='lat' dir='ltr'><strong>Iasone</strong></span> <span class='ocrx_word' id='word_1_27' title='bbox 374 550 463 628; x_wconf 71' lang='lat' dir='ltr'><strong>hycio</strong></span> <span class='ocrx_word' id='word_1_28' title='bbox 484 550 638 610; x_wconf 88' lang='lat' dir='ltr'><strong>interiecto</strong></span> <span class='ocrx_word' id='word_1_29' title='bbox 659 550 753 611; x_wconf 90' lang='lat' dir='ltr'><strong>cibum</strong></span> <span class='ocrx_word' id='word_1_30' title='bbox 776 567 883 628; x_wconf 86' lang='lat' dir='ltr'><strong>capere</strong></span> <span class='ocrx_word' id='word_1_31' title='bbox 899 552 990 611; x_wconf 89' lang='lat' dir='ltr'><strong>noluit</strong></span> <span class='ocrx_word' id='word_1_32' title='bbox 1004 554 1064 611; x_wconf 88' lang='lat' dir='ltr'><strong>ioe-</strong></span> 
     </span>
     <span class='ocr_line' id='line_1_5' title="bbox 40 631 1149 714; baseline -0.001 -19"><span class='ocrx_word' id='word_1_33' title='bbox 40 636 170 712; x_wconf 82' lang='lat' dir='ltr'><strong>dinque</strong></span> <span class='ocrx_word' id='word_1_34' title='bbox 187 644 372 714; x_wconf 85' lang='lat' dir='ltr'><strong>consumptus</strong></span> <span class='ocrx_word' id='word_1_35' title='bbox 395 645 448 694; x_wconf 88' lang='lat' dir='ltr'><strong>est.</strong></span> <span class='ocrx_word' id='word_1_36' title='bbox 481 637 506 694; x_wconf 90' lang='lat' dir='ltr'><strong>is</strong></span> <span class='ocrx_word' id='word_1_37' title='bbox 528 652 599 694; x_wconf 86' lang='lat' dir='ltr'><strong>vero</strong></span> <span class='ocrx_word' id='word_1_38' title='bbox 623 635 670 694; x_wconf 89' lang='lat' dir='ltr'><strong>oni</strong></span> <span class='ocrx_word' id='word_1_39' title='bbox 692 651 795 693; x_wconf 89' lang='lat' dir='ltr'><strong>nomen</strong></span> <span class='ocrx_word' id='word_1_40' title='bbox 817 633 942 709; x_wconf 75' lang='lat' dir='ltr'><strong>Hyrcani</strong></span> <span class='ocrx_word' id='word_1_41' title='bbox 968 636 1064 696; x_wconf 78' lang='lat' dir='ltr'><strong>reddit</strong></span> <span class='ocrx_word' id='word_1_42' title='bbox 1146 631 1149 640; x_wconf 72' lang='grc'>’</span> 
     </span>
    </p>

    <p class='ocr_par' dir='ltr' id='par_1_5' title="bbox 9 717 1105 1133">
     <span class='ocr_line' id='line_1_6' title="bbox 9 717 1062 796; baseline 0.001 -19"><span class='ocrx_word' id='word_1_43' title='bbox 9 737 22 777; x_wconf 82' lang='lat' dir='ltr'><strong>s</strong></span> <span class='ocrx_word' id='word_1_44' title='bbox 40 719 151 780; x_wconf 88' lang='lat' dir='ltr'><strong>Duris</strong></span> <span class='ocrx_word' id='word_1_45' title='bbox 168 737 294 779; x_wconf 87' lang='lat' dir='ltr'><strong>accenso</strong></span> <span class='ocrx_word' id='word_1_46' title='bbox 307 721 386 796; x_wconf 89' lang='lat' dir='ltr'><strong>regis</strong></span> <span class='ocrx_word' id='word_1_47' title='bbox 401 718 562 796; x_wconf 71' lang='lat' dir='ltr'><strong>Lysimachi</strong></span> <span class='ocrx_word' id='word_1_48' title='bbox 581 735 655 795; x_wconf 88' lang='lat' dir='ltr'><strong>rogo</strong></span> <span class='ocrx_word' id='word_1_49' title='bbox 671 719 767 778; x_wconf 90' lang='lat' dir='ltr'><strong>iniecit</strong></span> <span class='ocrx_word' id='word_1_50' title='bbox 784 737 815 777; x_wconf 91' lang='lat' dir='ltr'><strong>se</strong></span> <span class='ocrx_word' id='word_1_51' title='bbox 829 717 970 793; x_wconf 85' lang='lat' dir='ltr'><strong>dammae,</strong></span> <span class='ocrx_word' id='word_1_52' title='bbox 987 720 1062 779; x_wconf 88' lang='lat' dir='ltr'><strong>simi-</strong></span> 
     </span>
     <span class='ocr_line' id='line_1_7' title="bbox 43 799 1105 882; baseline -0.001 -19"><span class='ocrx_word' id='word_1_53' title='bbox 43 803 190 882; x_wconf 85' lang='lat' dir='ltr'><strong>literque</strong></span> <span class='ocrx_word' id='word_1_54' title='bbox 205 803 341 863; x_wconf 88' lang='lat' dir='ltr'><strong>Hieronis</strong></span> <span class='ocrx_word' id='word_1_55' title='bbox 356 805 445 880; x_wconf 91' lang='lat' dir='ltr'><strong>regis.</strong></span> <span class='ocrx_word' id='word_1_56' title='bbox 467 799 607 862; x_wconf 87' lang='lat' dir='ltr'><strong>blemorat</strong></span> <span class='ocrx_word' id='word_1_57' title='bbox 625 812 653 861; x_wconf 86' lang='lat' dir='ltr'><strong>et</strong></span> <span class='ocrx_word' id='word_1_58' title='bbox 669 802 787 877; x_wconf 73' lang='lat' dir='ltr'><strong>Pyrrum</strong></span> <span class='ocrx_word' id='word_1_59' title='bbox 803 801 921 862; x_wconf 83' lang='lat' dir='ltr'><strong>Gelonis</strong></span> <span class='ocrx_word' id='word_1_60' title='bbox 934 804 1046 877; x_wconf 84' lang='lat' dir='ltr'><strong>tyranni</strong></span> <span class='ocrx_word' id='word_1_61' title='bbox 1055 815 1105 869; x_wconf 81' lang='lat'><strong>144</strong></span> 
     </span>
     <span class='ocr_line' id='line_1_8' title="bbox 47 885 1062 963; baseline -0.002 -15"><span class='ocrx_word' id='word_1_62' title='bbox 47 905 166 948; x_wconf 86' lang='lat' dir='ltr'><strong>canem</strong></span> <span class='ocrx_word' id='word_1_63' title='bbox 197 886 343 948; x_wconf 78' lang='lat' dir='ltr'><strong>Philistus.</strong></span> <span class='ocrx_word' id='word_1_64' title='bbox 382 894 554 946; x_wconf 89' lang='lat' dir='ltr'><strong>memoratur</strong></span> <span class='ocrx_word' id='word_1_65' title='bbox 576 897 605 945; x_wconf 92' lang='lat' dir='ltr'><strong>et</strong></span> <span class='ocrx_word' id='word_1_66' title='bbox 625 885 792 946; x_wconf 86' lang='lat' dir='ltr'><strong>Nicomedis</strong></span> <span class='ocrx_word' id='word_1_67' title='bbox 812 885 961 961; x_wconf 79' lang='lat' dir='ltr'><strong>Bithyniae</strong></span> <span class='ocrx_word' id='word_1_68' title='bbox 982 889 1062 963; x_wconf 87' lang='lat' dir='ltr'><strong>regis</strong></span> 
     </span>
     <span class='ocr_line' id='line_1_9' title="bbox 46 969 1061 1049; baseline -0.001 -18"><span class='ocrx_word' id='word_1_69' title='bbox 46 989 156 1032; x_wconf 90' lang='lat' dir='ltr'><strong>uxore</strong></span> <span class='ocrx_word' id='word_1_70' title='bbox 174 973 236 1030; x_wconf 90' lang='lat' dir='ltr'><strong>eins</strong></span> <span class='ocrx_word' id='word_1_71' title='bbox 252 969 389 1049; x_wconf 83' lang='lat' dir='ltr'><strong>Gonsingi</strong></span> <span class='ocrx_word' id='word_1_72' title='bbox 406 971 533 1031; x_wconf 87' lang='lat' dir='ltr'><strong>lacerata</strong></span> <span class='ocrx_word' id='word_1_73' title='bbox 546 980 667 1049; x_wconf 83' lang='lat' dir='ltr'><strong>propter</strong></span> <span class='ocrx_word' id='word_1_74' title='bbox 683 971 865 1032; x_wconf 81' lang='lat' dir='ltr'><strong>lasciviorem</strong></span> <span class='ocrx_word' id='word_1_75' title='bbox 882 989 945 1030; x_wconf 92' lang='lat' dir='ltr'><strong>cum</strong></span> <span class='ocrx_word' id='word_1_76' title='bbox 961 973 1061 1030; x_wconf 91' lang='lat' dir='ltr'><strong>marito</strong></span> 
     </span>
     <span class='ocr_line' id='line_1_10' title="bbox 46 1053 1061 1133; baseline -0.002 -18"><span class='ocrx_word' id='word_1_77' title='bbox 46 1057 170 1115; x_wconf 88' lang='lat' dir='ltr'><strong>iocum.</strong></span> <span class='ocrx_word' id='word_1_78' title='bbox 201 1056 276 1133; x_wconf 87' lang='lat' dir='ltr'><strong>apud</strong></span> <span class='ocrx_word' id='word_1_79' title='bbox 296 1073 349 1115; x_wconf 91' lang='lat' dir='ltr'><strong>nos</strong></span> <span class='ocrx_word' id='word_1_80' title='bbox 372 1055 537 1114; x_wconf 78' lang='lat' dir='ltr'><strong>Volcatium</strong></span> <span class='ocrx_word' id='word_1_81' title='bbox 559 1054 686 1113; x_wconf 91' lang='lat' dir='ltr'><strong>nobilem</strong></span> <span class='ocrx_word' id='word_1_82' title='bbox 702 1055 750 1132; x_wconf 89' lang='lat' dir='ltr'><strong>qni</strong></span> <span class='ocrx_word' id='word_1_83' title='bbox 768 1053 942 1114; x_wconf 85' lang='lat' dir='ltr'><strong>Cascellium</strong></span> <span class='ocrx_word' id='word_1_84' title='bbox 964 1057 1007 1113; x_wconf 89' lang='lat' dir='ltr'><strong>ius</strong></span> <span class='ocrx_word' id='word_1_85' title='bbox 1024 1057 1061 1113; x_wconf 92' lang='lat' dir='ltr'><strong>ci-</strong></span> 
     </span>
    </p>

    <p class='ocr_par' dir='ltr' id='par_1_6' title="bbox 8 1138 1129 1553">
     <span class='ocr_line' id='line_1_11' title="bbox 8 1138 1062 1218; baseline 0 -20"><span class='ocrx_word' id='word_1_86' title='bbox 8 1163 37 1206; x_wconf 75' lang='grc' dir='ltr'><strong>ιο</strong></span> <span class='ocrx_word' id='word_1_87' title='bbox 49 1141 121 1198; x_wconf 85' lang='lat' dir='ltr'><strong>vlle</strong></span> <span class='ocrx_word' id='word_1_88' title='bbox 142 1140 241 1199; x_wconf 89' lang='lat' dir='ltr'><strong>docuit</strong></span> <span class='ocrx_word' id='word_1_89' title='bbox 261 1149 415 1200; x_wconf 81' lang='lat' dir='ltr'><strong>asturcone</strong></span> <span class='ocrx_word' id='word_1_90' title='bbox 437 1158 453 1197; x_wconf 92' lang='lat' dir='ltr'><strong>e</strong></span> <span class='ocrx_word' id='word_1_91' title='bbox 469 1138 633 1198; x_wconf 89' lang='lat' dir='ltr'><strong>suburbano</strong></span> <span class='ocrx_word' id='word_1_92' title='bbox 649 1138 828 1213; x_wconf 85' lang='lat' dir='ltr'><strong>redeuntem,</strong></span> <span class='ocrx_word' id='word_1_93' title='bbox 844 1156 909 1198; x_wconf 90' lang='lat' dir='ltr'><strong>cum</strong></span> <span class='ocrx_word' id='word_1_94' title='bbox 921 1139 1062 1218; x_wconf 84' lang='lat' dir='ltr'><strong>advespe-</strong></span> 
     </span>
     <span class='ocr_line' id='line_1_12' title="bbox 50 1220 1062 1300; baseline -0.001 -17"><span class='ocrx_word' id='word_1_95' title='bbox 50 1224 200 1299; x_wconf 88' lang='lat' dir='ltr'><strong>ravissct,</strong></span> <span class='ocrx_word' id='word_1_96' title='bbox 217 1227 296 1283; x_wconf 91' lang='lat' dir='ltr'><strong>canis</strong></span> <span class='ocrx_word' id='word_1_97' title='bbox 315 1243 330 1283; x_wconf 89' lang='lat' dir='ltr'><strong>a</strong></span> <span class='ocrx_word' id='word_1_98' title='bbox 351 1232 519 1300; x_wconf 77' lang='lat' dir='ltr'><strong>grassatore</strong></span> <span class='ocrx_word' id='word_1_99' title='bbox 542 1222 680 1282; x_wconf 79' lang='lat' dir='ltr'><strong>defendit.</strong></span> <span class='ocrx_word' id='word_1_100' title='bbox 711 1223 778 1281; x_wconf 92' lang='lat' dir='ltr'><strong>item</strong></span> <span class='ocrx_word' id='word_1_101' title='bbox 800 1220 930 1282; x_wconf 79' lang='lat' dir='ltr'><strong>Caelium</strong></span> <span class='ocrx_word' id='word_1_102' title='bbox 948 1232 1062 1282; x_wconf 89' lang='lat' dir='ltr'><strong>senato·</strong></span> 
     </span>
     <span class='ocr_line' id='line_1_13' title="bbox 52 1305 1062 1385; baseline -0.001 -18"><span class='ocrx_word' id='word_1_103' title='bbox 52 1323 124 1368; x_wconf 90' lang='lat' dir='ltr'><strong>rem</strong></span> <span class='ocrx_word' id='word_1_104' title='bbox 141 1325 260 1384; x_wconf 86' lang='lat' dir='ltr'><strong>aegrum</strong></span> <span class='ocrx_word' id='word_1_105' title='bbox 275 1307 440 1367; x_wconf 88' lang='lat' dir='ltr'><strong>Placentiae</strong></span> <span class='ocrx_word' id='word_1_106' title='bbox 458 1305 494 1366; x_wconf 91' lang='lat' dir='ltr'><strong>ab</strong></span> <span class='ocrx_word' id='word_1_107' title='bbox 510 1307 623 1365; x_wconf 89' lang='lat' dir='ltr'><strong>armatis</strong></span> <span class='ocrx_word' id='word_1_108' title='bbox 640 1323 822 1384; x_wconf 84' lang='lat' dir='ltr'><strong>oppressum,</strong></span> <span class='ocrx_word' id='word_1_109' title='bbox 847 1324 902 1365; x_wconf 93' lang='lat' dir='ltr'><strong>nec</strong></span> <span class='ocrx_word' id='word_1_110' title='bbox 916 1308 995 1385; x_wconf 86' lang='lat' dir='ltr'><strong>prius</strong></span> <span class='ocrx_word' id='word_1_111' title='bbox 1012 1308 1062 1368; x_wconf 87' lang='lat' dir='ltr'><strong>ille</strong></span> 
     </span>
     <span class='ocr_line' id='line_1_14' title="bbox 50 1388 1129 1470; baseline -0.001 -19"><span class='ocrx_word' id='word_1_112' title='bbox 50 1392 233 1451; x_wconf 90' lang='lat' dir='ltr'><strong>volneratus</strong></span> <span class='ocrx_word' id='word_1_113' title='bbox 256 1400 301 1450; x_wconf 88' lang='lat' dir='ltr'><strong>est</strong></span> <span class='ocrx_word' id='word_1_114' title='bbox 319 1409 403 1470; x_wconf 87' lang='lat' dir='ltr'><strong>qnam</strong></span> <span class='ocrx_word' id='word_1_115' title='bbox 429 1408 499 1449; x_wconf 89' lang='lat' dir='ltr'><strong>cane</strong></span> <span class='ocrx_word' id='word_1_116' title='bbox 525 1392 707 1468; x_wconf 85' lang='lat' dir='ltr'><strong>interempto.</strong></span> <span class='ocrx_word' id='word_1_117' title='bbox 738 1389 790 1450; x_wconf 89' lang='lat' dir='ltr'><strong>sed</strong></span> <span class='ocrx_word' id='word_1_118' title='bbox 806 1392 999 1468; x_wconf 88' lang='lat' dir='ltr'><strong>superomnia</strong></span> <span class='ocrx_word' id='word_1_119' title='bbox 1014 1394 1104 1456; x_wconf 70' lang='lat' dir='ltr'><strong>inite</strong></span> <span class='ocrx_word' id='word_1_120' title='bbox 1124 1388 1129 1397; x_wconf 88' lang='lat'>&#39;</span> 
     </span>
     <span class='ocr_line' id='line_1_15' title="bbox 55 1473 1061 1553; baseline 0 -19"><span class='ocrx_word' id='word_1_121' title='bbox 55 1485 166 1534; x_wconf 82' lang='lat' dir='ltr'><strong>nostro</strong></span> <span class='ocrx_word' id='word_1_122' title='bbox 182 1493 258 1535; x_wconf 85' lang='lat' dir='ltr'><strong>aevo</strong></span> <span class='ocrx_word' id='word_1_123' title='bbox 273 1477 345 1536; x_wconf 87' lang='lat' dir='ltr'><strong>actis</strong></span> <span class='ocrx_word' id='word_1_124' title='bbox 361 1475 460 1553; x_wconf 85' lang='lat' dir='ltr'><strong>populi</strong></span> <span class='ocrx_word' id='word_1_125' title='bbox 478 1473 598 1533; x_wconf 85' lang='lat' dir='ltr'><strong>Romani</strong></span> <span class='ocrx_word' id='word_1_126' title='bbox 620 1483 753 1533; x_wconf 90' lang='lat' dir='ltr'><strong>testatum</strong></span> <span class='ocrx_word' id='word_1_127' title='bbox 769 1474 867 1552; x_wconf 76' lang='lat' dir='ltr'><strong>Appio</strong></span> <span class='ocrx_word' id='word_1_128' title='bbox 884 1473 964 1532; x_wconf 91' lang='lat' dir='ltr'><strong>lunio</strong></span> <span class='ocrx_word' id='word_1_129' title='bbox 983 1484 1012 1533; x_wconf 88' lang='lat' dir='ltr'><strong>et</strong></span> <span class='ocrx_word' id='word_1_130' title='bbox 1030 1474 1061 1534; x_wconf 90' lang='lat' dir='ltr'><strong>P.</strong></span> 
     </span>
    </p>

    <p class='ocr_par' dir='ltr' id='par_1_7' title="bbox 9 1557 1148 1806">
     <span class='ocr_line' id='line_1_16' title="bbox 9 1557 1062 1634; baseline 0.001 -16"><span class='ocrx_word' id='word_1_131' title='bbox 9 1587 43 1626; x_wconf 64' lang='grc' dir='ltr'><strong>π,</strong></span> <span class='ocrx_word' id='word_1_132' title='bbox 55 1561 137 1619; x_wconf 83' lang='lat' dir='ltr'><strong>Silio</strong></span> <span class='ocrx_word' id='word_1_133' title='bbox 156 1578 245 1634; x_wconf 81' lang='lat' dir='ltr'><strong>coss,</strong></span> <span class='ocrx_word' id='word_1_134' title='bbox 277 1577 340 1618; x_wconf 90' lang='lat' dir='ltr'><strong>cum</strong></span> <span class='ocrx_word' id='word_1_135' title='bbox 356 1558 632 1618; x_wconf 87' lang='lat' dir='ltr'><strong>animadverteretur</strong></span> <span class='ocrx_word' id='word_1_136' title='bbox 651 1576 688 1617; x_wconf 82' lang='lat' dir='ltr'><strong>ex</strong></span> <span class='ocrx_word' id='word_1_137' title='bbox 704 1575 789 1617; x_wconf 90' lang='lat' dir='ltr'><strong>causa</strong></span> <span class='ocrx_word' id='word_1_138' title='bbox 804 1557 929 1617; x_wconf 87' lang='lat' dir='ltr'><strong>Neronis</strong></span> <span class='ocrx_word' id='word_1_139' title='bbox 948 1557 1062 1619; x_wconf 85' lang='lat' dir='ltr'><strong>Germa·</strong></span> 
     </span>
     <span class='ocr_line' id='line_1_17' title="bbox 55 1642 1148 1716; baseline 0.001 -14"><span class='ocrx_word' id='word_1_140' title='bbox 55 1645 121 1702; x_wconf 88' lang='lat' dir='ltr'><strong>niel</strong></span> <span class='ocrx_word' id='word_1_141' title='bbox 139 1643 178 1702; x_wconf 92' lang='lat' dir='ltr'><strong>lili</strong></span> <span class='ocrx_word' id='word_1_142' title='bbox 202 1645 230 1702; x_wconf 92' lang='lat' dir='ltr'><strong>in</strong></span> <span class='ocrx_word' id='word_1_143' title='bbox 245 1642 346 1702; x_wconf 81' lang='lat' dir='ltr'><strong>&#39;litium</strong></span> <span class='ocrx_word' id='word_1_144' title='bbox 366 1642 501 1702; x_wconf 87' lang='lat' dir='ltr'><strong>Sabinum</strong></span> <span class='ocrx_word' id='word_1_145' title='bbox 516 1652 546 1701; x_wconf 89' lang='lat' dir='ltr'><strong>et</strong></span> <span class='ocrx_word' id='word_1_146' title='bbox 566 1643 683 1704; x_wconf 86' lang='lat' dir='ltr'><strong>servitia</strong></span> <span class='ocrx_word' id='word_1_147' title='bbox 701 1643 779 1716; x_wconf 89' lang='lat' dir='ltr'><strong>eius,</strong></span> <span class='ocrx_word' id='word_1_148' title='bbox 802 1644 883 1701; x_wconf 91' lang='lat' dir='ltr'><strong>unius</strong></span> <span class='ocrx_word' id='word_1_149' title='bbox 901 1661 938 1701; x_wconf 85' lang='lat' dir='ltr'><strong>ex</strong></span> <span class='ocrx_word' id='word_1_150' title='bbox 956 1642 1001 1701; x_wconf 91' lang='lat' dir='ltr'><strong>his</strong></span> <span class='ocrx_word' id='word_1_151' title='bbox 1016 1661 1062 1703; x_wconf 92' lang='lat' dir='ltr'><strong>ca·</strong></span> <span class='ocrx_word' id='word_1_152' title='bbox 1144 1661 1148 1666; x_wconf 86' lang='lat'><em>·</em></span> 
     </span>
     <span class='ocr_line' id='line_1_18' title="bbox 56 1726 1063 1806; baseline 0 -20"><span class='ocrx_word' id='word_1_153' title='bbox 56 1745 129 1786; x_wconf 91' lang='lat' dir='ltr'><strong>nem</strong></span> <span class='ocrx_word' id='word_1_154' title='bbox 147 1745 201 1786; x_wconf 92' lang='lat' dir='ltr'><strong>nec</strong></span> <span class='ocrx_word' id='word_1_155' title='bbox 219 1729 247 1785; x_wconf 90' lang='lat' dir='ltr'><strong>in</strong></span> <span class='ocrx_word' id='word_1_156' title='bbox 270 1745 391 1787; x_wconf 88' lang='lat' dir='ltr'><strong>carcere</strong></span> <span class='ocrx_word' id='word_1_157' title='bbox 408 1726 485 1804; x_wconf 89' lang='lat' dir='ltr'><strong>abigi</strong></span> <span class='ocrx_word' id='word_1_158' title='bbox 501 1729 631 1805; x_wconf 82' lang='lat' dir='ltr'><strong>potuisse</strong></span> <span class='ocrx_word' id='word_1_159' title='bbox 649 1743 703 1785; x_wconf 90' lang='lat' dir='ltr'><strong>nec</strong></span> <span class='ocrx_word' id='word_1_160' title='bbox 719 1745 735 1785; x_wconf 85' lang='lat' dir='ltr'><strong>a</strong></span> <span class='ocrx_word' id='word_1_161' title='bbox 754 1742 879 1806; x_wconf 88' lang='lat' dir='ltr'><strong>corpore</strong></span> <span class='ocrx_word' id='word_1_162' title='bbox 900 1729 1063 1786; x_wconf 86' lang='lat' dir='ltr'><strong>recessisse</strong></span> 
     </span>
    </p>

    <p class='ocr_par' dir='ltr' id='par_1_8' title="bbox 25 1808 1064 1973">
     <span class='ocr_line' id='line_1_19' title="bbox 25 1808 1063 1887; baseline 0.001 -17"><span class='ocrx_word' id='word_1_163' title='bbox 25 1847 29 1860; x_wconf 88' lang='lat'>·</span> <span class='ocrx_word' id='word_1_164' title='bbox 58 1810 172 1871; x_wconf 86' lang='lat' dir='ltr'><strong>abiecti</strong></span> <span class='ocrx_word' id='word_1_165' title='bbox 201 1814 229 1870; x_wconf 92' lang='lat' dir='ltr'><strong>in</strong></span> <span class='ocrx_word' id='word_1_166' title='bbox 258 1811 395 1887; x_wconf 79' lang='lat' dir='ltr'><strong>gradibus</strong></span> <span class='ocrx_word' id='word_1_167' title='bbox 422 1812 582 1887; x_wconf 80' lang='lat' dir='ltr'><strong>gemitoriis</strong></span> <span class='ocrx_word' id='word_1_168' title='bbox 613 1820 742 1870; x_wconf 89' lang='lat' dir='ltr'><strong>maestos</strong></span> <span class='ocrx_word' id='word_1_169' title='bbox 773 1808 906 1870; x_wconf 86' lang='lat' dir='ltr'><strong>edenter&#39;n</strong></span> <span class='ocrx_word' id='word_1_170' title='bbox 939 1812 1063 1871; x_wconf 76' lang='lat' dir='ltr'><strong>ululatus</strong></span> 
     </span>
     <span class='ocr_line' id='line_1_20' title="bbox 58 1893 1064 1973; baseline 0.001 -19"><span class='ocrx_word' id='word_1_171' title='bbox 58 1913 168 1972; x_wconf 88' lang='lat' dir='ltr'><strong>magna</strong></span> <span class='ocrx_word' id='word_1_172' title='bbox 182 1896 284 1972; x_wconf 68' lang='lat' dir='ltr'><strong>porculi</strong></span> <span class='ocrx_word' id='word_1_173' title='bbox 299 1893 420 1954; x_wconf 85' lang='lat' dir='ltr'><strong>Romani</strong></span> <span class='ocrx_word' id='word_1_174' title='bbox 440 1911 560 1970; x_wconf 87' lang='lat' dir='ltr'><strong>corona,</strong></span> <span class='ocrx_word' id='word_1_175' title='bbox 580 1913 616 1954; x_wconf 85' lang='lat' dir='ltr'><strong>ex</strong></span> <span class='ocrx_word' id='word_1_176' title='bbox 639 1913 695 1973; x_wconf 85' lang='lat' dir='ltr'><strong>qna</strong></span> <span class='ocrx_word' id='word_1_177' title='bbox 715 1913 778 1954; x_wconf 93' lang='lat' dir='ltr'><strong>cum</strong></span> <span class='ocrx_word' id='word_1_178' title='bbox 797 1895 909 1972; x_wconf 86' lang='lat' dir='ltr'><strong>qnidam</strong></span> <span class='ocrx_word' id='word_1_179' title='bbox 925 1896 952 1953; x_wconf 92' lang='lat' dir='ltr'><strong>ei</strong></span> <span class='ocrx_word' id='word_1_180' title='bbox 970 1895 1064 1955; x_wconf 87' lang='lat' dir='ltr'><strong>cibum</strong></span> 
     </span>
    </p>

    <p class='ocr_par' dir='ltr' id='par_1_9' title="bbox 20 1978 1128 2390">
     <span class='ocr_line' id='line_1_21' title="bbox 20 1978 1064 2053; baseline 0 -15"><span class='ocrx_word' id='word_1_181' title='bbox 20 2007 51 2046; x_wconf 78' lang='lat'><strong>20</strong></span> <span class='ocrx_word' id='word_1_182' title='bbox 61 1978 242 2053; x_wconf 88' lang='lat' dir='ltr'><strong>obiecisset,</strong></span> <span class='ocrx_word' id='word_1_183' title='bbox 267 1979 302 2038; x_wconf 91' lang='lat' dir='ltr'><strong>ad</strong></span> <span class='ocrx_word' id='word_1_184' title='bbox 325 1997 359 2038; x_wconf 93' lang='lat' dir='ltr'><strong>os</strong></span> <span class='ocrx_word' id='word_1_185' title='bbox 380 1978 507 2052; x_wconf 79' lang='lat' dir='ltr'><strong>defuncti</strong></span> <span class='ocrx_word' id='word_1_186' title='bbox 529 1981 641 2039; x_wconf 87' lang='lat' dir='ltr'><strong>tulisse.</strong></span> <span class='ocrx_word' id='word_1_187' title='bbox 673 1979 810 2038; x_wconf 87' lang='lat' dir='ltr'><strong>innatavit</strong></span> <span class='ocrx_word' id='word_1_188' title='bbox 828 1979 903 2038; x_wconf 89' lang='lat' dir='ltr'><strong>idem</strong></span> <span class='ocrx_word' id='word_1_189' title='bbox 920 1979 1064 2038; x_wconf 83' lang='lat' dir='ltr'><strong>cadavere</strong></span> 
     </span>
     <span class='ocr_line' id='line_1_22' title="bbox 61 2061 1128 2138; baseline 0.002 -16"><span class='ocrx_word' id='word_1_190' title='bbox 61 2067 93 2122; x_wconf 90' lang='lat' dir='ltr'><strong>in</strong></span> <span class='ocrx_word' id='word_1_191' title='bbox 111 2061 236 2121; x_wconf 86' lang='lat' dir='ltr'><strong>Tiberim</strong></span> <span class='ocrx_word' id='word_1_192' title='bbox 255 2063 369 2122; x_wconf 88' lang='lat' dir='ltr'><strong>abiecto</strong></span> <span class='ocrx_word' id='word_1_193' title='bbox 386 2072 546 2122; x_wconf 84' lang='lat' dir='ltr'><strong>sustentare</strong></span> <span class='ocrx_word' id='word_1_194' title='bbox 563 2072 699 2138; x_wconf 90' lang='lat' dir='ltr'><strong>conatus,</strong></span> <span class='ocrx_word' id='word_1_195' title='bbox 723 2062 814 2122; x_wconf 78' lang='lat' dir='ltr'><strong>effusa</strong></span> <span class='ocrx_word' id='word_1_196' title='bbox 835 2063 1012 2122; x_wconf 89' lang='lat' dir='ltr'><strong>multitudine</strong></span> <span class='ocrx_word' id='word_1_197' title='bbox 1028 2064 1064 2124; x_wconf 89' lang='lat' dir='ltr'><strong>ad</strong></span> <span class='ocrx_word' id='word_1_198' title='bbox 1123 2117 1128 2130; x_wconf 80' lang='grc'><em>,</em></span> 
     </span>
     <span class='ocr_line' id='line_1_23' title="bbox 61 2146 1106 2225; baseline 0.001 -19"><span class='ocrx_word' id='word_1_199' title='bbox 61 2146 251 2225; x_wconf 88' lang='lat' dir='ltr'><strong>spectandam</strong></span> <span class='ocrx_word' id='word_1_200' title='bbox 269 2147 398 2207; x_wconf 88' lang='lat' dir='ltr'><strong>animalis</strong></span> <span class='ocrx_word' id='word_1_201' title='bbox 420 2146 514 2206; x_wconf 81' lang='lat' dir='ltr'><strong>iidem.</strong></span> <span class='ocrx_word' id='word_1_202' title='bbox 551 2148 613 2206; x_wconf 91' lang='lat' dir='ltr'><strong>Soli</strong></span> <span class='ocrx_word' id='word_1_203' title='bbox 631 2147 773 2206; x_wconf 89' lang='lat' dir='ltr'><strong>dominum</strong></span> <span class='ocrx_word' id='word_1_204' title='bbox 788 2163 898 2204; x_wconf 86' lang='lat' dir='ltr'><strong>novere</strong></span> <span class='ocrx_word' id='word_1_205' title='bbox 914 2155 943 2204; x_wconf 90' lang='lat' dir='ltr'><strong>et</strong></span> <span class='ocrx_word' id='word_1_206' title='bbox 965 2149 1106 2223; x_wconf 81' lang='lat' dir='ltr'><strong>igno-146</strong></span> 
     </span>
     <span class='ocr_line' id='line_1_24' title="bbox 62 2229 1063 2309; baseline -0.003 -19"><span class='ocrx_word' id='word_1_207' title='bbox 62 2242 124 2290; x_wconf 91' lang='lat' dir='ltr'><strong>tum</strong></span> <span class='ocrx_word' id='word_1_208' title='bbox 141 2247 267 2308; x_wconf 90' lang='lat' dir='ltr'><strong>qnoque,</strong></span> <span class='ocrx_word' id='word_1_209' title='bbox 286 2233 310 2290; x_wconf 93' lang='lat' dir='ltr'><strong>si</strong></span> <span class='ocrx_word' id='word_1_210' title='bbox 329 2239 451 2309; x_wconf 85' lang='lat' dir='ltr'><strong>repente</strong></span> <span class='ocrx_word' id='word_1_211' title='bbox 465 2232 572 2305; x_wconf 87' lang='lat' dir='ltr'><strong>veniat,</strong></span> <span class='ocrx_word' id='word_1_212' title='bbox 591 2230 772 2305; x_wconf 87' lang='lat' dir='ltr'><strong>intellegunt.</strong></span> <span class='ocrx_word' id='word_1_213' title='bbox 798 2229 855 2287; x_wconf 92' lang='lat' dir='ltr'><strong>soli</strong></span> <span class='ocrx_word' id='word_1_214' title='bbox 869 2231 983 2288; x_wconf 90' lang='lat' dir='ltr'><strong>nomina</strong></span> <span class='ocrx_word' id='word_1_215' title='bbox 1001 2247 1063 2306; x_wconf 89' lang='lat' dir='ltr'><strong>sua,</strong></span> 
     </span>
     <span class='ocr_line' id='line_1_25' title="bbox 64 2313 1064 2390; baseline -0.002 -17"><span class='ocrx_word' id='word_1_216' title='bbox 64 2315 123 2373; x_wconf 91' lang='lat' dir='ltr'><strong>soli</strong></span> <span class='ocrx_word' id='word_1_217' title='bbox 146 2331 248 2374; x_wconf 87' lang='lat' dir='ltr'><strong>vocem</strong></span> <span class='ocrx_word' id='word_1_218' title='bbox 269 2313 455 2374; x_wconf 88' lang='lat' dir='ltr'><strong>domesticam</strong></span> <span class='ocrx_word' id='word_1_219' title='bbox 477 2323 646 2390; x_wconf 86' lang='lat' dir='ltr'><strong>agnoscunt.</strong></span> <span class='ocrx_word' id='word_1_220' title='bbox 693 2315 794 2371; x_wconf 88' lang='lat' dir='ltr'><strong>itinera</strong></span> <span class='ocrx_word' id='word_1_221' title='bbox 823 2313 952 2390; x_wconf 82' lang='lat' dir='ltr'><strong>quamvis</strong></span> <span class='ocrx_word' id='word_1_222' title='bbox 977 2313 1064 2388; x_wconf 87' lang='lat' dir='ltr'><strong>longa</strong></span> 
     </span>
    </p>

    <p class='ocr_par' dir='ltr' id='par_1_10' title="bbox 24 2397 1107 2812">
     <span class='ocr_line' id='line_1_26' title="bbox 24 2397 1063 2476; baseline -0.003 -18"><span class='ocrx_word' id='word_1_223' title='bbox 24 2425 53 2464; x_wconf 73' lang='lat'><strong>25</strong></span> <span class='ocrx_word' id='word_1_224' title='bbox 64 2399 236 2473; x_wconf 82' lang='lat' dir='ltr'><strong>meminere,</strong></span> <span class='ocrx_word' id='word_1_225' title='bbox 253 2417 309 2458; x_wconf 89' lang='lat' dir='ltr'><strong>nec</strong></span> <span class='ocrx_word' id='word_1_226' title='bbox 322 2398 374 2458; x_wconf 91' lang='lat' dir='ltr'><strong>ulli</strong></span> <span class='ocrx_word' id='word_1_227' title='bbox 391 2408 509 2476; x_wconf 88' lang='lat' dir='ltr'><strong>praeter</strong></span> <span class='ocrx_word' id='word_1_228' title='bbox 530 2397 672 2456; x_wconf 89' lang='lat' dir='ltr'><strong>hominem</strong></span> <span class='ocrx_word' id='word_1_229' title='bbox 692 2397 827 2455; x_wconf 88' lang='lat' dir='ltr'><strong>memoria</strong></span> <span class='ocrx_word' id='word_1_230' title='bbox 844 2397 943 2455; x_wconf 88' lang='lat' dir='ltr'><strong>maior.</strong></span> <span class='ocrx_word' id='word_1_231' title='bbox 976 2398 1063 2474; x_wconf 81' lang='lat' dir='ltr'><strong>impe·</strong></span> 
     </span>
     <span class='ocr_line' id='line_1_27' title="bbox 64 2479 1063 2561; baseline -0.004 -19"><span class='ocrx_word' id='word_1_232' title='bbox 64 2493 230 2542; x_wconf 82' lang='lat' dir='ltr'><strong>tuscorum</strong></span> <span class='ocrx_word' id='word_1_233' title='bbox 250 2492 279 2541; x_wconf 86' lang='lat' dir='ltr'><strong>et</strong></span> <span class='ocrx_word' id='word_1_234' title='bbox 301 2483 420 2542; x_wconf 82' lang='lat' dir='ltr'><strong>saevitia</strong></span> <span class='ocrx_word' id='word_1_235' title='bbox 438 2483 581 2561; x_wconf 87' lang='lat' dir='ltr'><strong>mitigatur</strong></span> <span class='ocrx_word' id='word_1_236' title='bbox 602 2481 638 2540; x_wconf 90' lang='lat' dir='ltr'><strong>ab</strong></span> <span class='ocrx_word' id='word_1_237' title='bbox 661 2481 776 2539; x_wconf 91' lang='lat' dir='ltr'><strong>homine</strong></span> <span class='ocrx_word' id='word_1_238' title='bbox 792 2479 962 2539; x_wconf 88' lang='lat' dir='ltr'><strong>considente</strong></span> <span class='ocrx_word' id='word_1_239' title='bbox 978 2480 1063 2540; x_wconf 87' lang='lat' dir='ltr'><strong>humi.</strong></span> 
     </span>
     <span class='ocr_line' id='line_1_28' title="bbox 65 2563 1107 2646; baseline 0.002 -20"><span class='ocrx_word' id='word_1_240' title='bbox 65 2566 198 2626; x_wconf 89' lang='lat' dir='ltr'><strong>Pluruma</strong></span> <span class='ocrx_word' id='word_1_241' title='bbox 214 2567 270 2626; x_wconf 88' lang='lat' dir='ltr'><strong>alia</strong></span> <span class='ocrx_word' id='word_1_242' title='bbox 287 2569 315 2625; x_wconf 93' lang='lat' dir='ltr'><strong>in</strong></span> <span class='ocrx_word' id='word_1_243' title='bbox 326 2566 371 2625; x_wconf 93' lang='lat' dir='ltr'><strong>his</strong></span> <span class='ocrx_word' id='word_1_244' title='bbox 387 2583 503 2646; x_wconf 87' lang='lat' dir='ltr'><strong>qnoque</strong></span> <span class='ocrx_word' id='word_1_245' title='bbox 518 2568 576 2625; x_wconf 86' lang='lat' dir='ltr'><strong>vita</strong></span> <span class='ocrx_word' id='word_1_246' title='bbox 589 2565 707 2639; x_wconf 86' lang='lat' dir='ltr'><strong>invenit,</strong></span> <span class='ocrx_word' id='word_1_247' title='bbox 720 2565 772 2624; x_wconf 89' lang='lat' dir='ltr'><strong>sed</strong></span> <span class='ocrx_word' id='word_1_248' title='bbox 788 2567 816 2623; x_wconf 92' lang='lat' dir='ltr'><strong>in</strong></span> <span class='ocrx_word' id='word_1_249' title='bbox 828 2573 933 2623; x_wconf 84' lang='lat' dir='ltr'><strong>venatu</strong></span> <span class='ocrx_word' id='word_1_250' title='bbox 945 2563 1107 2630; x_wconf 79' lang='lat' dir='ltr'><strong>sotter-147</strong></span> 
     </span>
     <span class='ocr_line' id='line_1_29' title="bbox 66 2649 1063 2730; baseline 0 -22"><span class='ocrx_word' id='word_1_251' title='bbox 66 2652 107 2709; x_wconf 90' lang='lat' dir='ltr'><strong>tia</strong></span> <span class='ocrx_word' id='word_1_252' title='bbox 123 2658 153 2708; x_wconf 93' lang='lat' dir='ltr'><strong>et</strong></span> <span class='ocrx_word' id='word_1_253' title='bbox 167 2653 310 2726; x_wconf 84' lang='lat' dir='ltr'><strong>sagacitas</strong></span> <span class='ocrx_word' id='word_1_254' title='bbox 326 2653 483 2730; x_wconf 87' lang='lat' dir='ltr'><strong>praecipua</strong></span> <span class='ocrx_word' id='word_1_255' title='bbox 501 2661 553 2710; x_wconf 88' lang='lat' dir='ltr'><strong>est.</strong></span> <span class='ocrx_word' id='word_1_256' title='bbox 584 2657 728 2709; x_wconf 87' lang='lat' dir='ltr'><strong>scrutatur</strong></span> <span class='ocrx_word' id='word_1_257' title='bbox 749 2649 873 2725; x_wconf 82' lang='lat' dir='ltr'><strong>vestigia</strong></span> <span class='ocrx_word' id='word_1_258' title='bbox 895 2657 981 2727; x_wconf 91' lang='lat' dir='ltr'><strong>atque</strong></span> <span class='ocrx_word' id='word_1_259' title='bbox 999 2667 1063 2729; x_wconf 88' lang='lat' dir='ltr'><strong>per·</strong></span> 
     </span>
     <span class='ocr_line' id='line_1_30' title="bbox 68 2733 1064 2812; baseline 0 -20"><span class='ocrx_word' id='word_1_260' title='bbox 68 2735 213 2812; x_wconf 83' lang='lat' dir='ltr'><strong>sequitur,</strong></span> <span class='ocrx_word' id='word_1_261' title='bbox 245 2733 425 2794; x_wconf 88' lang='lat' dir='ltr'><strong>comitantem</strong></span> <span class='ocrx_word' id='word_1_262' title='bbox 458 2734 493 2794; x_wconf 88' lang='lat' dir='ltr'><strong>ad</strong></span> <span class='ocrx_word' id='word_1_263' title='bbox 521 2735 612 2794; x_wconf 89' lang='lat' dir='ltr'><strong>leram</strong></span> <span class='ocrx_word' id='word_1_264' title='bbox 630 2735 828 2812; x_wconf 85' lang='lat' dir='ltr'><strong>inquisitorem</strong></span> <span class='ocrx_word' id='word_1_265' title='bbox 853 2733 916 2792; x_wconf 88' lang='lat' dir='ltr'><strong>loro</strong></span> <span class='ocrx_word' id='word_1_266' title='bbox 937 2733 1064 2809; x_wconf 90' lang='lat' dir='ltr'><strong>trahens,</strong></span> 
     </span>
    </p>

    <p class='ocr_par' dir='ltr' id='par_1_11' title="bbox 32 2815 1109 3234">
     <span class='ocr_line' id='line_1_31' title="bbox 32 2815 1064 2896; baseline 0 -21"><span class='ocrx_word' id='word_1_267' title='bbox 32 2844 58 2884; x_wconf 71' lang='lat'><strong>30</strong></span> <span class='ocrx_word' id='word_1_268' title='bbox 70 2831 126 2896; x_wconf 86' lang='lat' dir='ltr'><strong>qua</strong></span> <span class='ocrx_word' id='word_1_269' title='bbox 141 2819 202 2876; x_wconf 89' lang='lat' dir='ltr'><strong>visa</strong></span> <span class='ocrx_word' id='word_1_270' title='bbox 215 2836 298 2896; x_wconf 89' lang='lat' dir='ltr'><strong>quam</strong></span> <span class='ocrx_word' id='word_1_271' title='bbox 316 2819 406 2878; x_wconf 91' lang='lat' dir='ltr'><strong>silens</strong></span> <span class='ocrx_word' id='word_1_272' title='bbox 422 2828 451 2878; x_wconf 92' lang='lat' dir='ltr'><strong>et</strong></span> <span class='ocrx_word' id='word_1_273' title='bbox 468 2819 582 2878; x_wconf 89' lang='lat' dir='ltr'><strong>occulta</strong></span> <span class='ocrx_word' id='word_1_274' title='bbox 598 2819 651 2877; x_wconf 90' lang='lat' dir='ltr'><strong>sed</strong></span> <span class='ocrx_word' id='word_1_275' title='bbox 668 2835 751 2895; x_wconf 90' lang='lat' dir='ltr'><strong>quam</strong></span> <span class='ocrx_word' id='word_1_276' title='bbox 768 2817 932 2894; x_wconf 82' lang='lat' dir='ltr'><strong>significans</strong></span> <span class='ocrx_word' id='word_1_277' title='bbox 949 2815 1064 2876; x_wconf 90' lang='lat' dir='ltr'><strong>demon-</strong></span> 
     </span>
     <span class='ocr_line' id='line_1_32' title="bbox 71 2902 1066 2981; baseline -0.003 -21"><span class='ocrx_word' id='word_1_278' title='bbox 71 2903 169 2960; x_wconf 88' lang='lat' dir='ltr'><strong>stratio</strong></span> <span class='ocrx_word' id='word_1_279' title='bbox 187 2911 232 2960; x_wconf 90' lang='lat' dir='ltr'><strong>est</strong></span> <span class='ocrx_word' id='word_1_280' title='bbox 244 2902 334 2962; x_wconf 91' lang='lat' dir='ltr'><strong>cauda</strong></span> <span class='ocrx_word' id='word_1_281' title='bbox 348 2905 477 2981; x_wconf 87' lang='lat' dir='ltr'><strong>primum,</strong></span> <span class='ocrx_word' id='word_1_282' title='bbox 496 2903 599 2962; x_wconf 89' lang='lat' dir='ltr'><strong>deinde</strong></span> <span class='ocrx_word' id='word_1_283' title='bbox 613 2910 719 2960; x_wconf 89' lang='lat' dir='ltr'><strong>rostro.</strong></span> <span class='ocrx_word' id='word_1_284' title='bbox 754 2918 826 2978; x_wconf 87' lang='lat' dir='ltr'><strong>ergo</strong></span> <span class='ocrx_word' id='word_1_285' title='bbox 843 2903 928 2961; x_wconf 89' lang='lat' dir='ltr'><strong>etiam</strong></span> <span class='ocrx_word' id='word_1_286' title='bbox 947 2909 1066 2958; x_wconf 88' lang='lat' dir='ltr'><strong>senecta</strong></span> 
     </span>
     <span class='ocr_line' id='line_1_33' title="bbox 70 2983 1067 3064; baseline -0.003 -20"><span class='ocrx_word' id='word_1_287' title='bbox 70 2986 167 3044; x_wconf 86' lang='lat' dir='ltr'><strong>fessos</strong></span> <span class='ocrx_word' id='word_1_288' title='bbox 191 3003 355 3064; x_wconf 88' lang='lat' dir='ltr'><strong>caecosque</strong></span> <span class='ocrx_word' id='word_1_289' title='bbox 377 3005 411 3048; x_wconf 87' lang='lat' dir='ltr'><strong>ac</strong></span> <span class='ocrx_word' id='word_1_290' title='bbox 433 2986 537 3046; x_wconf 90' lang='lat' dir='ltr'><strong>debilis</strong></span> <span class='ocrx_word' id='word_1_291' title='bbox 561 2987 624 3045; x_wconf 88' lang='lat' dir='ltr'><strong>sinn</strong></span> <span class='ocrx_word' id='word_1_292' title='bbox 656 2986 751 3046; x_wconf 85' lang='lat' dir='ltr'><strong>lerunt</strong></span> <span class='ocrx_word' id='word_1_293' title='bbox 766 2995 873 3045; x_wconf 81' lang='lat' dir='ltr'><strong>ventos</strong></span> <span class='ocrx_word' id='word_1_294' title='bbox 896 2993 926 3044; x_wconf 92' lang='lat' dir='ltr'><strong>et</strong></span> <span class='ocrx_word' id='word_1_295' title='bbox 947 2983 1067 3042; x_wconf 91' lang='lat' dir='ltr'><strong>odorem</strong></span> 
     </span>
     <span class='ocr_line' id='line_1_34' title="bbox 72 3067 1109 3149; baseline 0.001 -21"><span class='ocrx_word' id='word_1_296' title='bbox 72 3071 209 3147; x_wconf 84' lang='lat' dir='ltr'><strong>captantis</strong></span> <span class='ocrx_word' id='word_1_297' title='bbox 229 3071 489 3149; x_wconf 86' lang='lat' dir='ltr'><strong>protendentisqne</strong></span> <span class='ocrx_word' id='word_1_298' title='bbox 504 3080 597 3129; x_wconf 92' lang='lat' dir='ltr'><strong>rostra</strong></span> <span class='ocrx_word' id='word_1_299' title='bbox 613 3069 649 3129; x_wconf 93' lang='lat' dir='ltr'><strong>ad</strong></span> <span class='ocrx_word' id='word_1_300' title='bbox 665 3069 779 3130; x_wconf 92' lang='lat' dir='ltr'><strong>cubilia.</strong></span> <span class='ocrx_word' id='word_1_301' title='bbox 813 3069 836 3128; x_wconf 86' lang='lat' dir='ltr'>E</span> <span class='ocrx_word' id='word_1_302' title='bbox 853 3067 973 3147; x_wconf 81' lang='lat' dir='ltr'><strong>tigribus</strong></span> <span class='ocrx_word' id='word_1_303' title='bbox 992 3083 1045 3125; x_wconf 90' lang='lat' dir='ltr'><strong>eos</strong></span> <span class='ocrx_word' id='word_1_304' title='bbox 1057 3075 1109 3131; x_wconf 79' lang='lat' dir='ltr'><strong>me</strong></span> 
     </span>
     <span class='ocr_line' id='line_1_35' title="bbox 71 3151 1067 3234; baseline -0.005 -22"><span class='ocrx_word' id='word_1_305' title='bbox 71 3153 132 3212; x_wconf 92' lang='lat' dir='ltr'><strong>lndi</strong></span> <span class='ocrx_word' id='word_1_306' title='bbox 147 3154 246 3214; x_wconf 87' lang='lat' dir='ltr'><strong>volunt</strong></span> <span class='ocrx_word' id='word_1_307' title='bbox 261 3156 387 3234; x_wconf 86' lang='lat' dir='ltr'><strong>concipi,</strong></span> <span class='ocrx_word' id='word_1_308' title='bbox 404 3165 434 3214; x_wconf 94' lang='lat' dir='ltr'><strong>et</strong></span> <span class='ocrx_word' id='word_1_309' title='bbox 449 3155 487 3214; x_wconf 94' lang='lat' dir='ltr'><strong>ob</strong></span> <span class='ocrx_word' id='word_1_310' title='bbox 501 3155 529 3214; x_wconf 93' lang='lat' dir='ltr'><strong>id</strong></span> <span class='ocrx_word' id='word_1_311' title='bbox 544 3155 572 3211; x_wconf 92' lang='lat' dir='ltr'><strong>in</strong></span> <span class='ocrx_word' id='word_1_312' title='bbox 586 3153 667 3212; x_wconf 82' lang='lat' dir='ltr'><strong>silvis</strong></span> <span class='ocrx_word' id='word_1_313' title='bbox 680 3155 772 3214; x_wconf 89' lang='lat' dir='ltr'><strong>coitus</strong></span> <span class='ocrx_word' id='word_1_314' title='bbox 789 3163 921 3232; x_wconf 87' lang='lat' dir='ltr'><strong>tempore</strong></span> <span class='ocrx_word' id='word_1_315' title='bbox 939 3151 1067 3227; x_wconf 88' lang='lat' dir='ltr'><strong>adligant</strong></span> 
     </span>
    </p>

    <p class='ocr_par' dir='ltr' id='par_1_12' title="bbox 39 3235 1119 3569">
     <span class='ocr_line' id='line_1_36' title="bbox 39 3235 1066 3318; baseline -0.006 -22"><span class='ocrx_word' id='word_1_316' title='bbox 39 3261 63 3303; x_wconf 67' lang='lat'><strong>³5</strong></span> <span class='ocrx_word' id='word_1_317' title='bbox 72 3238 200 3297; x_wconf 82' lang='lat' dir='ltr'><strong>feminas.</strong></span> <span class='ocrx_word' id='word_1_318' title='bbox 231 3240 324 3318; x_wconf 83' lang='lat' dir='ltr'><strong>primo</strong></span> <span class='ocrx_word' id='word_1_319' title='bbox 341 3248 371 3298; x_wconf 92' lang='lat' dir='ltr'><strong>et</strong></span> <span class='ocrx_word' id='word_1_320' title='bbox 386 3240 515 3300; x_wconf 91' lang='lat' dir='ltr'><strong>secundo</strong></span> <span class='ocrx_word' id='word_1_321' title='bbox 537 3238 599 3297; x_wconf 88' lang='lat' dir='ltr'><strong>ietu</strong></span> <span class='ocrx_word' id='word_1_322' title='bbox 625 3239 706 3297; x_wconf 92' lang='lat' dir='ltr'><strong>nimis</strong></span> <span class='ocrx_word' id='word_1_323' title='bbox 727 3238 837 3297; x_wconf 82' lang='lat' dir='ltr'><strong>ferocis</strong></span> <span class='ocrx_word' id='word_1_324' title='bbox 858 3243 957 3316; x_wconf 83' lang='lat' dir='ltr'><strong>putant</strong></span> <span class='ocrx_word' id='word_1_325' title='bbox 974 3235 1066 3310; x_wconf 84' lang='lat' dir='ltr'><strong>gigni,</strong></span> 
     </span>
     <span class='ocr_line' id='line_1_37' title="bbox 72 3321 1068 3400; baseline -0.006 -19"><span class='ocrx_word' id='word_1_326' title='bbox 72 3322 157 3381; x_wconf 89' lang='lat' dir='ltr'><strong>tertio</strong></span> <span class='ocrx_word' id='word_1_327' title='bbox 173 3323 284 3382; x_wconf 89' lang='lat' dir='ltr'><strong>demum</strong></span> <span class='ocrx_word' id='word_1_328' title='bbox 302 3323 433 3382; x_wconf 89' lang='lat' dir='ltr'><strong>educant.</strong></span> <span class='ocrx_word' id='word_1_329' title='bbox 464 3324 521 3383; x_wconf 92' lang='lat' dir='ltr'><strong>hoc</strong></span> <span class='ocrx_word' id='word_1_330' title='bbox 536 3322 611 3381; x_wconf 90' lang='lat' dir='ltr'><strong>idem</strong></span> <span class='ocrx_word' id='word_1_331' title='bbox 629 3341 645 3380; x_wconf 90' lang='lat' dir='ltr'><strong>c</strong></span> <span class='ocrx_word' id='word_1_332' title='bbox 660 3322 735 3400; x_wconf 88' lang='lat' dir='ltr'><strong>lupis</strong></span> <span class='ocrx_word' id='word_1_333' title='bbox 755 3321 839 3396; x_wconf 85' lang='lat' dir='ltr'><strong>Galli,</strong></span> <span class='ocrx_word' id='word_1_334' title='bbox 867 3335 986 3398; x_wconf 90' lang='lat' dir='ltr'><strong>quorum</strong></span> <span class='ocrx_word' id='word_1_335' title='bbox 1001 3335 1068 3394; x_wconf 88' lang='lat' dir='ltr'><strong>gre-</strong></span> 
     </span>
     <span class='ocr_line' id='line_1_38' title="bbox 74 3402 1119 3486; baseline -0.004 -22"><span class='ocrx_word' id='word_1_336' title='bbox 74 3423 125 3483; x_wconf 87' lang='lat' dir='ltr'><strong>ges</strong></span> <span class='ocrx_word' id='word_1_337' title='bbox 140 3423 219 3466; x_wconf 89' lang='lat' dir='ltr'><strong>snum</strong></span> <span class='ocrx_word' id='word_1_338' title='bbox 237 3410 358 3486; x_wconf 83' lang='lat' dir='ltr'><strong>quisque</strong></span> <span class='ocrx_word' id='word_1_339' title='bbox 370 3407 519 3466; x_wconf 89' lang='lat' dir='ltr'><strong>ductorem</strong></span> <span class='ocrx_word' id='word_1_340' title='bbox 535 3406 681 3465; x_wconf 89' lang='lat' dir='ltr'><strong>ecanibns</strong></span> <span class='ocrx_word' id='word_1_341' title='bbox 697 3413 726 3465; x_wconf 92' lang='lat' dir='ltr'><strong>et</strong></span> <span class='ocrx_word' id='word_1_342' title='bbox 739 3405 841 3465; x_wconf 88' lang='lat' dir='ltr'><strong>ducem</strong></span> <span class='ocrx_word' id='word_1_343' title='bbox 857 3403 972 3464; x_wconf 87' lang='lat' dir='ltr'><strong>habent.</strong></span> <span class='ocrx_word' id='word_1_344' title='bbox 988 3402 1069 3462; x_wconf 92' lang='lat' dir='ltr'><strong>illum</strong></span> <span class='ocrx_word' id='word_1_345' title='bbox 1110 3431 1119 3446; x_wconf 63' lang='grc' dir='ltr'><em>ν</em></span> 
     </span>
     <span class='ocr_line' id='line_1_39' title="bbox 74 3491 1070 3569; baseline -0.003 -22"><span class='ocrx_word' id='word_1_346' title='bbox 74 3491 102 3548; x_wconf 93' lang='lat' dir='ltr'><strong>in</strong></span> <span class='ocrx_word' id='word_1_347' title='bbox 117 3501 218 3550; x_wconf 87' lang='lat' dir='ltr'><strong>venatu</strong></span> <span class='ocrx_word' id='word_1_348' title='bbox 238 3493 422 3566; x_wconf 88' lang='lat' dir='ltr'><strong>comitantur,</strong></span> <span class='ocrx_word' id='word_1_349' title='bbox 438 3492 480 3551; x_wconf 92' lang='lat' dir='ltr'><strong>illi</strong></span> <span class='ocrx_word' id='word_1_350' title='bbox 497 3499 608 3569; x_wconf 89' lang='lat' dir='ltr'><strong>parent.</strong></span> <span class='ocrx_word' id='word_1_351' title='bbox 636 3507 758 3567; x_wconf 88' lang='lat' dir='ltr'><strong>namque</strong></span> <span class='ocrx_word' id='word_1_352' title='bbox 778 3491 853 3547; x_wconf 89' lang='lat' dir='ltr'><strong>inter</strong></span> <span class='ocrx_word' id='word_1_353' title='bbox 876 3506 908 3548; x_wconf 91' lang='lat' dir='ltr'><strong>se</strong></span> <span class='ocrx_word' id='word_1_354' title='bbox 931 3492 1070 3548; x_wconf 86' lang='lat' dir='ltr'><strong>exercent</strong></span> 
     </span>
    </p>
   </div>
   <div class='ocr_carea' id='block_1_3' title="bbox 0 0 1234 3908">
    <p class='ocr_par' dir='ltr' id='par_1_13' title="bbox 0 0 1234 3908">
     <span class='ocr_line' id='line_1_40' title="bbox 0 0 1234 3908; baseline 0 0"><span class='ocrx_word' id='word_1_355' title='bbox 0 0 1234 3908; x_wconf 95' lang='lat' dir='ltr'><strong> </strong></span> 
     </span>
    </p>
   </div>
  </div>
 </body>
</html>
