2444 3908
146 216 205 278 tto
480 224 510 274 o.
533 223 630 272 ronst
651 221 802 272 sueonos

143 381 371 459 aequinoctium,
393 380 499 440 molles
520 397 607 454 vere,
629 379 731 456 saepia
747 377 877 437 omnibus
896 374 1055 436 mensibus.
1090 391 1147 435 oua

144 467 205 527 eius
219 465 328 542 glutino
347 465 496 524 atramenti
510 463 547 524 ad
564 465 693 540 speeiem
709 478 782 520 uvae
800 461 984 520 cohaerentia
999 459 1147 518 masculus

102 557 152 613 163
163 550 348 626 prosequitur
363 547 478 622 adflatu,
495 547 566 608 alias
579 546 772 606 sterilescunt.
800 543 902 622 Polypi
918 543 1012 604 hieme
1027 552 1147 617 coeunt,

143 633 255 714 pariunt
278 649 348 691 vere
369 649 425 691 ora
441 631 530 690 tortili
550 628 661 688 vibrata
679 631 832 708 pampino,
857 637 936 688 tanta
965 626 1147 687 iocunditate

142 725 172 775 ut
200 715 405 776 multitudinem
432 731 552 773 ovorum
578 713 670 772 occisi
691 730 748 772 uon
773 713 914 790 recipiant
940 728 1012 772 cavo
1040 713 1169 790 capitiss

141 817 200 878 quo
217 807 412 877 praegnantes
429 798 531 860 tulere.
564 815 597 856 ea
617 796 772 857 excludunt
789 797 1028 875 quinquagesimo
1048 795 1114 870 die,
1132 813 1147 853 e

101 893 152 948 164
159 882 262 964 quibus
277 881 365 940 multa
383 890 503 959 propter
517 899 666 942 numerum
679 880 862 940 intercidunt.
892 880 1036 940 Locustae
1054 886 1085 937 et
1101 897 1146 938 rc·

5 967 10 977 '
142 967 221 1045 liqua
236 965 375 1026 tenuioris
391 975 507 1026 crustae
523 973 631 1044 ponuat
646 982 700 1024 ova
717 982 805 1044 super
822 981 889 1040 ova,
906 973 992 1044 atque
1011 965 1050 1022 ita
1066 964 1146 1022 ineu·

142 1051 219 1110 bant.
256 1047 381 1127 polqpus
402 1049 507 1108 femina
524 1049 611 1108 modo
631 1049 659 1108 in
681 1049 744 1108 ovis
766 1047 868 1122 sedet,
889 1048 975 1108 modo
990 1063 1148 1108 cavernam

143 1131 304 1192 cancellato
315 1132 516 1194 bracchiorum
528 1133 648 1212 inplexu
659 1133 774 1194 claudit.
791 1133 892 1210 saepia
904 1134 1058 1192 iuterreno
1070 1132 1148 1210 parit
1156 1150 1175 1192 n

142 1217 217 1277 inter
239 1216 411 1278 harundines
434 1227 482 1277 aut
502 1216 596 1278 sicubi
620 1226 703 1276 enata
733 1216 814 1294 alga,
837 1215 965 1277 excludit
987 1216 1089 1293 quinto
1115 1233 1148 1274 ac

143 1300 264 1361 decumo
278 1298 334 1362 die.
361 1301 507 1378 lolligines
520 1304 548 1361 iu
563 1301 622 1362 alto
640 1309 776 1361 conserta
790 1317 849 1358 ova
865 1303 952 1363 edunt
965 1308 996 1360 ut
1013 1301 1146 1379 saepiae.

142 1402 302 1464 purpurae,
320 1387 444 1446 murices
462 1387 651 1464 eiusdemque
669 1386 787 1462 generis
805 1402 875 1444 vers
894 1383 1016 1464 pariunt.
1051 1385 1147 1444 echini

140 1485 197 1528 ova
216 1469 379 1546 pleniluniis
401 1469 507 1533 bahent
528 1470 639 1545 hieme,
664 1478 694 1528 et
718 1468 839 1528 cocleae
865 1468 987 1528 hiberno
1010 1479 1148 1554 tempore¹

142 1561 306 1611 nascuntur.
1144 1562 1175 1616 'rc

100 1644 151 1698 165
210 1633 293 1712 (75.)
318 1633 455 1714 Torpedo
472 1646 636 1714 octogenos
654 1635 731 1696 letus
747 1634 858 1696 habens
873 1635 1030 1712 iuvenitur,
1051 1654 1145 1714 eaque

142 1717 216 1775 iutra
237 1735 270 1776 se
288 1719 361 1794 parit
379 1735 433 1778 ova
450 1719 635 1796 praemollia,
659 1721 687 1778 in
703 1719 788 1778 alium
811 1720 906 1780 locum
929 1722 1003 1781 uteri
1020 1721 1145 1779 transie-

142 1817 210 1858 rens
227 1809 312 1877 atque
331 1801 371 1860 ihi
393 1801 562 1865 excludens.
595 1803 680 1862 simili
694 1804 779 1864 modo
797 1805 889 1864 omnia
905 1821 979 1884 quae
996 1803 1144 1880 cartilagi-

108 1901 131 1935 ns
142 1900 199 1941 nea
213 1884 434 1961 appellavimus.
463 1888 502 1946 ita
517 1887 547 1946 iit
565 1897 594 1946 ut
612 1886 675 1948 sola
691 1889 812 1966 piscium
828 1897 856 1947 et
871 1888 974 1948 animal
988 1889 1102 1967 pariant
1118 1896 1146 1948 et

142 1984 198 2025 ova
215 1969 386 2046 concipiant.
420 1970 524 2031 silurus
536 1989 596 2030 mas
611 1970 692 2030 solus
705 1973 827 2031 omnium
843 1973 918 2032 edita
933 1973 1059 2032 custodit
1076 1989 1143 2046 oua,
1154 1996 1177 2034 co
1220 2003 1221 2006 ¹

142 2068 232 2128 saepe
250 2061 279 2110 et
299 2053 506 2131 quinquagenis
523 2055 642 2130 diebus,
658 2073 694 2114 ne
710 2054 892 2116 absumantur
905 2056 941 2115 ab
959 2056 1032 2118 aliis.
1064 2066 1145 2115 cete·

112 2189 113 2201 ,
142 2153 192 2194 rae
208 2135 331 2196 feminae
348 2138 376 2196 in
396 2138 489 2218 triduo
507 2137 678 2217 excludunt,
694 2140 719 2198 si
732 2157 792 2198 mas
810 2142 914 2216 attigit.

100 2224 154 2282 tot·
172 2277 175 2284 ,
208 2220 291 2299 (76.)
312 2220 392 2280 Acus
409 2224 471 2282 sive
488 2222 594 2283 belone
611 2242 683 2282 unus
701 2223 820 2302 piscium
837 2223 1006 2284 dehiscente
1022 2234 1145 2303 propter

140 2302 347 2365 multitudinem
366 2315 448 2366 utero
470 2310 553 2385 parit.
586 2317 700 2386 apartu
715 2307 855 2368 coalescit
871 2307 993 2383 volnus,
1016 2309 1094 2388 quod
1116 2318 1146 2367 et

140 2388 169 2444 in
185 2389 283 2448 caecis
303 2391 488 2467 serpentibus
511 2392 633 2452 tradunt.
669 2389 732 2450 Mus
749 2392 874 2451 marinus
894 2392 1015 2452 interra
1035 2391 1178 2454 scrobem

142 2469 251 2528 effosso
266 2474 339 2546 parit
356 2490 410 2532 ova
427 2483 455 2532 et
469 2493 569 2534 rursus
588 2474 682 2534 obruit
698 2483 786 2551 terra,
803 2477 951 2534 tricesimo
965 2475 1012 2534 die
1028 2474 1146 2536 refossa

142 2553 236 2627 aperit
252 2551 398 2632 letumque
418 2557 563 2635 inaquam
579 2558 665 2618 ducit.

207 2633 256 2692 52.
280 2635 365 2715 (77.)
392 2637 571 2713 Erythiniet
589 2641 715 2701 channae
735 2641 836 2702 volvas
852 2643 961 2704 habere
982 2643 1146 2720 traduntur,

142 2716 190 2792 qui
211 2718 331 2777 trochos
352 2723 515 2799 appellatur
536 2743 552 2784 a
574 2723 692 2784 Graecis
715 2727 827 2803 ipsese
849 2729 930 2786 inire.
966 2726 1146 2807 aquatilium

142 2800 743 2869 omniumfetusinterinitiavisuoarent.
1091 2871 1093 2874 .
1156 2833 1178 2876 oo

101 2892 149 2948 tot
215 2884 265 2946 53.
289 2883 373 2965 (78.)
404 2890 477 2950 Aevi
498 2893 619 2970 piscium
635 2893 849 2967 memorandum
871 2894 1150 2974 nuperexemplurn

142 2969 319 3045 accepimus.
363 2970 545 3051 Pausilypum
571 2978 640 3036 villa
674 2987 719 3037 est
744 2975 916 3056 Campaniae
946 2980 1015 3038 haut
1039 2981 1149 3058 procul

135 3049 275 3131 Neapoli.
315 3054 343 3112 in
368 3074 403 3116 ea
424 3060 452 3116 in
473 3056 607 3122 Caesaris
631 3063 749 3140 piscinis
775 3061 938 3122 aPollione
959 3063 1055 3124 Vedio
1073 3081 1148 3124 con·

140 3137 245 3194 iactum
268 3139 380 3218 piscem
403 3145 615 3219 sexagesimum
638 3155 703 3226 post
725 3164 827 3204 annum
850 3149 1021 3227 exspirasse
1042 3147 1150 3209 scribit
1218 3175 1219 3210 r

141 3218 277 3280 Annaeus
294 3223 424 3300 Seneca,
442 3226 553 3286 duobus
572 3229 636 3288 aliis
653 3228 822 3306 aequalibus
840 3231 902 3291 eius
918 3250 956 3292 ex
973 3233 1074 3292 eodem
1092 3251 1182 3310 ger-us
1218 3213 1219 3236 ¹

141 3319 211 3361 nere
237 3313 303 3364 tunc
325 3308 496 3369 viventibus.
534 3329 607 3387 quae
632 3313 738 3372 mentio
760 3314 934 3390 piscinarum
957 3315 1091 3376 admonet
1117 3328 1150 3376 ut

142 3386 336 3541 pgpLotiliplpsra
363 3391 488 3452 dicamus
515 3393 569 3452 hac
593 3395 628 3454 de
653 3414 685 3455 re
708 3398 873 3474 priusquam
898 3400 1092 3477 digrediamur
1110 3402 1150 3462 ab
