2482 3910
304 194 694 250 uun.u18u.x.ei-4u.
719 189 872 266 (tt-59.)
1011 189 1064 252 141
1127 246 1131 256 ,
1208 207 1217 226 ·

63 360 248 429 extorquent.
277 353 379 416 eadem
394 371 459 414 cum
472 355 620 418 devoratis
633 373 667 416 ee
681 355 802 433 inplevit
818 354 948 430 conuiuis,
967 355 1067 416 calore

63 438 177 496 ventris
194 445 294 496 coctas
310 439 433 512 evomit,
450 448 536 517 atque
551 441 588 500 ite
607 458 645 500 ox
659 441 693 498 iic
713 439 862 500 esculenta
878 439 962 515 eligit
975 449 1067 500 teatau
1161 458 1166 464 ·

63 535 239 583 excernens.

126 605 178 666 41.
203 605 288 682 (57.)
311 604 468 666 Villnriltus
486 607 601 684 gallinis
618 616 648 666 et
662 605 831 683 religiones.
848 605 1109 672 inhorrescuntllti
1169 624 1173 630 ·

37 688 142 748 sedito
167 705 240 763 ovo,
266 690 472 767 excutiuntque
492 708 560 752 seue
582 701 611 752 et
628 693 823 758 circumacee
844 690 997 769 purificent
1018 700 1066 750 eut
1158 753 1160 756 ,
1197 761 1199 779 Ι

60 771 178 832 ieetuoe
203 773 299 852 alique
322 791 392 834 sese
417 784 448 834 et
471 791 527 834 ove
553 776 683 837 lustrent.
728 773 778 836 42.
806 773 947 836 Miuumue
971 775 1067 834 avium

61 855 219 918 cardueles
233 859 373 936 imperata
391 858 514 934 faciunt,
538 877 594 920 nee
611 877 686 920 voce
701 867 808 921 tentum
829 859 882 918 sed
899 857 1020 937 pedibus
1037 867 1067 918 et

61 957 116 1000 ore
132 952 187 1017 pro
201 941 340 1006 mantino.
372 939 426 1002 Est
447 961 521 1020 quae
537 943 624 1004 heare
641 944 765 1020 mugitus
782 944 924 1018 innitetur,
943 943 971 1002 in
992 941 1065 1001 Are·

60 1024 169 1085 latensi
186 1042 258 1102 agro
276 1035 374 1088 uerus
388 1027 552 1105 appellate,
576 1027 706 1105 alioquin
727 1045 818 1105 parva
839 1037 894 1087 eet
925 1044 1066 1106 equorum

25 1122 50 1164 ra
60 1124 181 1186 qnoque
196 1108 320 1170 hinnitus
334 1111 436 1170 nutus
452 1113 567 1175 nomine
581 1110 691 1174 letae
701 1109 810 1189 pabulo
825 1112 950 1172 aduentu
966 1128 1067 1172 eorum

59 1191 146 1271 price
162 1193 286 1254 innitetur
299 1193 338 1254 ad
351 1194 427 1258 hunc
440 1197 556 1258 medam
571 1214 604 1254 se
619 1195 775 1261 ulciscens.

125 1275 210 1356 (58)
248 1279 343 1355 Super
369 1281 462 1338 omnia
488 1280 624 1340 humanas
650 1297 742 1343 uocet
766 1278 906 1352 reddunt,
923 1280 1108 1357 ¹psittucilll

58 1359 179 1439 qaideru
194 1362 281 1424 etiarn
295 1364 534 1427 sermocinentee.
566 1363 646 1424 lndie
661 1363 736 1424 lanc
752 1357 952 1437 avennico,
967 1371 1064 1440 septa·
1093 1419 1096 1434 ,

58 1459 119 1521 gen
138 1454 242 1520 aocet,
263 1446 384 1508 viridem
403 1456 466 1508 toto
489 1464 632 1528 corpore,
656 1457 760 1525 torque
781 1455 889 1506 tentum
903 1446 1021 1507 miniato
1037 1447 1066 1506 in

25 1547 49 1588 rc
58 1522 180 1588 eer'vice
194 1529 365 1590 distinctam.
395 1533 589 1609 imperatores
598 1531 706 1594 sehrtnt
721 1541 751 1592 et
765 1547 840 1608 quae
852 1530 958 1607 accipit
974 1528 1065 1591 verba

57 1614 240 1691 pronuntiet,
257 1616 284 1674 in
302 1618 370 1676 runo
387 1618 544 1694 meecipue
562 1616 682 1678 lesciva
715 1615 803 1694 cupiti
818 1614 880 1674 eius
898 1613 1001 1674 duritia
1017 1632 1064 1674 ee·
1133 1630 1135 1635 ·

57 1696 129 1756 dena
143 1707 341 1773 qnaerostro.
372 1700 444 1775 hoc,
460 1701 489 1760 ni
509 1718 544 1760 eu
559 1699 640 1778 loqui
660 1700 761 1774 discit,
776 1698 876 1759 ferreo
893 1697 1065 1758 verberetur

56 1781 152 1840 radio.
186 1798 243 1842 non
261 1784 351 1842 eentit
370 1783 558 1847 ulteriores.
587 1803 650 1844 curn
666 1783 803 1858 devolat,
823 1791 920 1842 rostro
935 1801 968 1842 se
984 1783 1063 1842 exci-

56 1863 118 1941 pit,
137 1863 180 1924 illi
195 1866 320 1928 innititur
335 1867 536 1947 levioreeqne
550 1887 585 1938 ee
600 1870 639 1930 ita
655 1868 763 1946 cedunt
774 1867 926 1932 infirmitati
942 1866 1020 1926 lacit.

21 1965 47 2005 eo
125 1947 210 2027 (59.)
231 1947 325 2010 lllnor
339 1950 486 2027 nobilitas,
504 1954 570 2032 quia
587 1970 697 2014 aonex
712 1952 870 2030 longinquo
887 1951 976 2025 venit,
993 1949 1046 2010 sed
1058 1961 1108 2016 118
1231 1938 1236 1945 ”

56 2035 234 2110 expressior
255 2034 418 2112 loquecitas
444 2038 546 2114 generi
572 2038 702 2114 piearunr
723 2045 779 2096 eet.
816 2036 948 2100 adamant
974 2033 1065 2094 verba

55 2133 137 2194 qnae
148 2115 319 2194 loquuntur,
334 2137 390 2178 uec
405 2119 519 2180 discunt
534 2130 642 2183 tanum
658 2119 713 2180 eed
728 2119 863 2196 diligunt,
879 2117 1064 2178 meditantes·

54 2216 117 2278 qne
141 2200 214 2260 intra
236 2212 329 2264 seruet
345 2221 413 2265 cura
435 2214 523 2281 etque
538 2204 716 2282 cogitatione
739 2204 925 2262 intentionenr
941 2218 999 2260 nou
1015 2217 1064 2260 oc·
1119 2237 1120 2240 =

55 2282 178 2343 cultant.
214 2295 327 2346 constet
347 2289 437 2346 emori
459 2289 553 2346 vietus
568 2287 738 2348 difficaltate
753 2284 836 2345 verbi
851 2302 901 2358 ac,
919 2284 974 2342 nisi
994 2283 1064 2342 sub·

19 2367 125 2428 euintle
142 2368 243 2430 eadem
267 2371 556 2444 audiunt‚·memoria
571 2371 649 2444 fulli,
670 2369 899 2449 quaerentisque
917 2369 1021 2426 mirum
1036 2368 1065 2426 in

53 2451 174 2514 modum
189 2452 323 2529 hilarari,
341 2456 365 2514 si
377 2455 491 2516 interim
503 2455 645 2522 audierint
657 2455 687 2524 id
700 2453 830 2514 verltuan.
862 2470 918 2512 neo
934 2449 1064 2528 volgarit

53 2535 208 2611 liciorum,
221 2539 599 2617 quemvienonspectende.
630 2539 701 2600 satie
715 2538 774 2598 illie
786 2538 903 2598 decoris
919 2536 947 2595 in
962 2537 1064 2614 specie

53 2621 201 2679 sermonis
217 2621 330 2685 humani
350 2633 406 2684 cet.
437 2623 545 2687 Venutn
565 2623 718 2687 addiscere
740 2622 816 2682 aliae
829 2629 937 2697 negant
956 2629 1106 2700 possent

52 2721 143 2781 quum
159 2722 236 2781 quae
250 2723 288 2766 ex
302 2724 413 2784 geuene
432 2725 530 2768 eurum
546 2726 623 2786 quae
635 2705 741 2784 glande
757 2714 928 2781 veneantur,
945 2715 975 2765 et
990 2706 1065 2766 'uater

9 2803 110 2848 aceee
125 2787 242 2851 facilins
258 2790 362 2868 quibus
378 2792 459 2869 quini
470 2794 525 2852 eint
540 2792 622 2869 digiti
636 2793 665 2850 in
679 2789 814 2869 pedibus,
829 2807 865 2850 ac
881 2808 919 2851 ne
936 2808 987 2851 caa
1003 2789 1063 2867 qui-

52 2871 122 2932 den
144 2873 226 2950 ipone
241 2875 296 2935 nisi
316 2876 413 2954 primis
434 2875 547 2938 duobus
565 2878 641 2938 uitae
663 2875 755 2937 uncie
787 2874 906 2935 latiores
929 2873 1054 2950 linguae,

53 2955 248 3034 omnibusque
270 2959 298 3018 in
320 2977 373 3018 suo
395 2961 500 3038 cuique
518 2978 629 3037 genere
648 2976 724 3036 quae
739 2976 904 3018 ueraronenn
918 2959 1059 3016 imitentur

52 3039 219 3115 humanum,
234 3059 404 3121 quamquem
422 3044 450 3103 id
466 3062 559 3121 necne
574 3046 602 3105 in
614 3043 748 3104 omuibus
758 3044 907 3120 contingit.
938 3040 1043 3116 Agrip·
1055 3048 1105 3101 tao

53 3124 123 3202 pinu
137 3121 388 3191 claudicationis
403 3128 514 3188 taculum
528 3126 637 3203 hebuit,
657 3128 734 3206 qued
746 3145 898 3207 numquam
912 3134 988 3198 unte,
1001 3123 1060 3182 imis

17 3215 42 3256 ⁸⁶
52 3216 166 3270 tentem
177 3225 328 3272 sermones
345 3211 500 3272 leoninum.
516 3229 581 3274 cunt
595 3213 670 3272 haec
688 3212 855 3290 proderem,
871 3207 1015 3271 habebunt
1032 3215 1061 3265 et

52 3287 204 3354 demeres
224 3295 346 3359 iuuenes
362 3305 508 3369 eternum,
530 3297 599 3356 itern
619 3297 758 3359 lusciniae
776 3295 888 3357 Graeco
910 3310 944 3354 ec
960 3289 1060 3351 Latino

51 3393 193 3436 sermone
216 3377 337 3455 docilis,
367 3387 520 3459 praeterea
542 3380 706 3443 meditantis
732 3382 760 3442 ln
785 3381 860 3440 diem
886 3385 915 3434 et
940 3374 1060 3434 adsidue

50 3477 130 3520 nova
149 3461 313 3540 loquentis,
336 3464 472 3540 longiore
493 3467 577 3526 etiarn
604 3473 751 3526 contextu.
781 3462 921 3524 docentur
942 3467 1058 3548 eecreto
