2444 3908
244 200 323 248 nnu.
342 201 433 248 mse.
450 201 524 248 v111.
543 197 663 254 ss-so.
684 191 839 271 (tt-76.)
1005 195 1046 258 ro

6 355 95 420 dem
115 354 192 416 Asia
202 356 319 436 ‚inremt
335 356 449 416 Attalns
465 375 529 430 rex,
547 357 622 418 unde
637 375 742 420 nomen
757 357 901 420 Attalicis.
927 363 1045 424 colores

9 439 175 508 diversos
195 441 326 518 picturae
354 443 486 500 intexere
510 441 641 516 Babylon
666 461 799 504 maxume
828 444 988 506 celebravit
1016 457 1045 508 et

11 543 143 584 nomen
164 525 300 604 inposuit.
332 525 472 604 plurumis
496 543 566 584 vero
590 526 664 586 liciis
688 537 789 590 texere
812 545 886 606 quae
906 531 1044 606 polymita

15 608 190 688 appellant
204 609 382 670 Alexandria
398 611 534 684 instituit,
560 610 679 670 scutulis
703 611 833 672 dividere
850 611 951 672 Gallia.
983 614 1042 674 lie-

17 693 126 754 tellus
155 694 255 771 Scipio
282 694 448 754 tricliniaria
469 693 645 768 babylonica
672 697 837 764 sestertium
870 699 1043 776 octingentis

15 777 153 839 milibus
175 779 293 838 venisse
315 779 370 838 iam
391 789 458 838 tunc
481 779 562 856 ponit
578 781 606 838 in
624 777 745 842 catonis
762 780 943 857 criminibus,
968 801 1042 861 quae

15 861 146 922 Neroni
170 863 293 943 principi
320 862 513 940 quadragiens
528 865 665 924 sestertio
682 883 775 942 nuper
790 874 909 924 stetere.
941 867 1024 926 Servi
1034 872 1086 932 197

17 946 110 1009 Tulli
130 955 316 1024 praetextae,
335 947 438 1025 quibus
454 949 565 1024 signnm
582 946 727 1008 Fortunae
742 948 778 1008 ab
791 966 827 1008 eu
839 949 952 1010 dicatae
972 949 1040 1010 coo'·

21 1040 153 1109 pertum
172 1041 243 1105 erat,
255 1031 396 1092 duravere
413 1031 449 1091 ad
459 1033 555 1094 Seiani
571 1034 689 1108 exitum,
705 1033 865 1112 mirumque
879 1033 931 1092 fuit
946 1053 1042 1113 neque

6 1115 197 1190 ,deduxisse
220 1133 270 1174 eas
294 1135 389 1195 neque
407 1113 567 1178 teredinum
580 1117 696 1177 iniurias
713 1117 842 1176 sensisse
864 1119 944 1178 annis
959 1132 1042 1182 DLX.

20 1199 171 1258 Vidimus¹
187 1201 241 1258 iam
258 1209 286 1258 et
302 1201 457 1262 viventium
472 1201 584 1262 vellera
599 1219 736 1278 purpura,
753 1218 857 1278 cocco,
875 1202 1042 1278 conchylio,

22 1283 293 1362 sesquipedalibus
312 1283 393 1354 libris
405 1285 522 1360 iniecta,
535 1284 614 1344 velut
629 1286 671 1344 sic
688 1287 768 1344 nasci
781 1295 907 1362 cogente
919 1277 1040 1347 luxuria.

98 1368 187 1447 (75.)
211 1367 242 1426 ln
257 1371 321 1452 ipsa
338 1386 393 1428 ove
407 1370 476 1428 satis
488 1370 694 1446 generositatis
705 1370 867 1430 ostenditur
883 1369 1025 1451 brevitate
1033 1380 1085 1434 198

26 1469 164 1527 crurum,
179 1445 419 1512 ventris‘vestitu.
452 1453 553 1531 quibus
572 1453 662 1514 nudus
682 1462 762 1513 esset
783 1456 883 1534 apicas
898 1453 1042 1514 vocabant

6 1535 277 1615 tdumnabautqne.
305 1539 414 1612 'Syriae
436 1537 578 1597 cubitales
603 1539 697 1598 ovium
720 1539 845 1614 caudae,
868 1537 1040 1616 plurumum·

28 1639 93 1700 que
118 1623 147 1680 in
163 1638 197 1680 ea
221 1631 304 1699 parte
328 1622 423 1682 lauici.
463 1618 590 1698 Castrari
611 1639 702 1700 agnos
729 1623 782 1682 uisi
800 1623 1041 1702 quinquemestris
1067 1639 1073 1646 ·

28 1713 250 1784 praematurum
266 1708 461 1768 existumatur.

100 1788 152 1850 49.
177 1787 231 1848 Est
245 1791 273 1848 iu
290 1787 438 1869 Hisp‘ania,
454 1790 506 1850 sed
522 1808 653 1850 maxume
672 1789 804 1866 Corsica,
822 1807 879 1850 non
894 1792 1024 1853 maxume
1034 1783 1084 1854 199

31 1873 170 1936 absimile
192 1875 295 1951 pecori
319 1892 415 1955 genus
428 1892 604 1936 musmonnrn
623 1876 741 1954 caprino
762 1875 832 1936 villo
849 1893 935 1953 quam
949 1891 1039 1954 peco-

6 1960 76 2030 usis
93 1957 198 2018 velleri
219 1959 355 2036 propius,
378 1976 499 2036 quorum
520 1979 537 2018 e
557 1977 670 2036 genero
686 1969 715 2019 et
736 1960 838 2020 ovibus
853 1969 937 2020 natos
951 1961 1041 2038 prisci
1116 1997 1121 2004 -

31 2039 163 2109 Umbros
178 2052 326 2102 vocarunt.
361 2042 581 2103 infirmissimum
602 2045 704 2122 pecori
728 2053 830 2122 caput,
855 2043 1041 2120 quamobrem

34 2143 171 2186 aversum
198 2145 214 2186 a
237 2127 300 2186 sole
321 2129 402 2205 pasci
424 2127 594 2204 cogendum.
629 2145 714 2206 quam
745 2128 912 2186 stultissima
936 2127 1039 2186 anima·
1111 2129 1115 2136 '

34 2212 106 2271 lium
134 2211 237 2270 lanata.
272 2229 327 2290 qun
352 2213 473 2270 timuere
494 2211 623 2287 ingredi,
646 2230 731 2270 unum
754 2228 842 2270 cornu
866 2219 977 2286 raptum
994 2229 1038 2270 se·

37 2304 172 2374 quontur.
202 2297 259 2356 vita
281 2295 449 2372 longissima
471 2298 535 2355 anni
552 2309 592 2369 x,
615 2295 644 2354 in
657 2294 813 2372 Aethiopia
836 2305 913 2352 XIII.
944 2295 1040 2371 capris

6 2379 144 2440 neodem
160 2379 228 2440 loco
244 2394 292 2456 XI,
310 2383 339 2439 in
354 2379 468 2460 reliquo
486 2379 558 2440 orbe
580 2379 740 2458 plurumum
759 2378 865 2438 octoni.
889 2384 1039 2456 utrumque

36 2483 131 2541 genus
145 2467 218 2524 intra
234 2475 364 2546 quartum
381 2466 488 2526 coitum
502 2457 637 2542 inpletur.

103 2548 152 2608 50.
170 2547 251 2628 (76.)
277 2547 389 2629 Caprae
406 2549 518 2628 pariunt
537 2557 565 2608 et
581 2556 748 2626 quaternos,
772 2547 826 2608 sed
841 2563 909 2606 raro
925 2545 1084 2610 admo-200

39 2633 114 2694 dum.
143 2633 236 2693 ierunt
251 2634 377 2713 quinque
398 2632 554 2708 mensibus,
576 2640 605 2692 nt
623 2649 704 2691 oves.
739 2633 819 2710 capri
843 2631 1040 2710 pinguitudine

39 2716 231 2778 sterilescunt.
249 2728 314 2780 ante
330 2720 430 2778 trimos
445 2719 536 2778 miuus
558 2717 665 2778 utiliter
679 2725 821 2794 generant
837 2717 904 2774 etin
922 2726 1041 2776 senecta

6 2802 113 2864 nultra
129 2802 354 2880 quadriennium.
384 2803 522 2880 incipiunt
542 2811 676 2881 septumo
700 2818 800 2860 mense
817 2799 910 2864 adhuc
931 2799 1040 2859 lacten·

40 2897 96 2946 tes.
124 2886 249 2948 mutilum
271 2889 299 2948 iu
320 2897 444 2966 utroque
466 2905 538 2946 sexu
555 2886 661 2945 utilius.
698 2885 805 2962 primus
826 2887 853 2943 in
868 2884 915 2943 die
948 2883 1040 2940 coitus

41 2983 98 3030 non
114 2970 213 3049 inplet,
231 2991 357 3050 sequens
374 2971 524 3032 efficacior
546 2988 580 3029 ac
598 2967 711 3029 deiude.
735 2970 900 3047 concipiunt
914 2964 1039 3024 Novem-

41 3055 85 3116 bri
101 3073 196 3115 meuse
208 3065 238 3116 ut
249 3055 350 3117 blartio
360 3057 472 3134 pariant
483 3053 716 3131 turgescentibus
728 3053 872 3130 virgultis,
886 3048 1039 3128 aliquando

41 3140 203 3216 anniculae,
221 3157 338 3218 semper
355 3140 470 3214 bimae,
491 3141 519 3198 in
540 3140 652 3198 trimatu
668 3137 791 3197 inutiles.
830 3137 942 3216 pariunt
959 3141 1039 3192 ucto-

12 3226 85 3284 cute
100 3225 187 3286 annis.
216 3225 333 3286 abortus
350 3226 453 3302 frigori
471 3223 624 3284 obnoxius.
656 3219 766 3281 Oculos
782 3220 1024 3294 subfusoscapra
1032 3227 1082 3279 201

43 3310 115 3368 iunci
132 3318 236 3386 puncto
259 3312 397 3386 sanguiue
414 3316 565 3381 exonerat,
586 3323 676 3384 caper
690 3305 762 3366 rubi.
797 3302 956 3365 sollertiam
979 3301 1040 3386 eips

44 3393 167 3454 animalis
184 3392 326 3454 Mutiauus
342 3394 432 3452 visam
445 3391 499 3450 sibi
511 3391 638 3474 prodidit
654 3389 685 3450 in*
696 3399 784 3470 ponte
796 3386 957 3467 praetenui,
972 3383 1040 3446 dua·

45 3477 96 3538 bus
113 3477 203 3538 obviis
225 3496 241 3538 e
264 3477 380 3537 diverso
405 3495 468 3537 cum
488 3479 688 3544 circumactum
710 3473 858 3552 angustiae
881 3487 938 3530 uon
954 3486 1040 3550 cape-
