2462 3900
174 308 183 315 ⁸
258 248 338 296 unu.
355 245 444 294 arsa.
461 245 518 293 xv.
538 242 656 329 15-1'u
677 234 830 312 (lt-19.)
979 211 1039 297 289

27 401 124 470 lulius
139 401 244 477 acinis,
258 402 289 460 in
310 401 390 462 dolio
409 400 509 478 picato
524 400 637 459 recenti
653 391 807 478 suspendi,
824 400 943 461 exclusa
964 405 1040 462 omni

14 505 113 556 maura
129 486 271 564 operculo
288 494 317 544 et
333 501 439 563 gypso.
467 483 511 544 sio
526 491 555 542 et
568 482 658 564 sorba
674 501 708 543 ao
722 485 793 562 pira.
819 483 906 544 inlitis
919 489 1040 546 omnium
1089 497 1091 502 ·

14 570 165 652 ,5666666166
188 571 265 648 pice.
294 569 371 630 dolia
392 566 496 646 procrd
517 566 554 627 ab
573 585 647 646 aqua
669 585 746 627 esse.
782 569 895 646 quidam
913 571 956 630 sic
974 583 1083 637 cumea

14 687 25 730 q
34 655 159 729 mlrnite
174 655 202 712 iu
216 671 312 732 gypso
328 653 470 727 condunt,
483 652 627 730 capitibus
643 653 705 712 eius
721 651 822 711 scillae
835 653 928 712 inlunis
942 657 1038 713 utrim-

14 734 114 829 pp'que,
130 738 178 799 alii
196 741 282 798 etiam
296 739 362 797 vina
379 736 549 796 habentibus
565 736 665 813 doliis,
689 737 807 796 dumne
824 737 990 815 contingant
1005 757 1040 798 ea

14 840 132 898 praue,
160 823 247 900 aliqui
268 822 342 882 mala
365 824 393 880 in
414 822 517 899 patinis
533 819 667 879 lietililrus
684 821 836 897 fluitantia,
858 838 914 900 quo
930 837 1040 898 genere

14 915 73 984 „pet
92 909 158 966 vino
181 907 300 968 odorem
325 906 435 983 adquiri
455 913 566 983 putant.
604 904 691 982 aliqui
712 906 804 964 omnia
825 905 899 966 haec
919 907 947 964 in
962 907 1039 964 milio

50 992 152 1052 servari
162 991 279 1066 malunt
294 985 426 1068 plerique
437 1006 509 1048 vero
519 989 547 1046 in
559 989 665 1049 scrobe
675 989 760 1048 duum
771 988 875 1068 pedum
886 989 1039 1049 altitudinis

13 1075 149 1154 morrena
165 1074 310 1134 substrato
324 1083 355 1134 et
369 1074 448 1133 lietili
462 1073 618 1152 operculo,
634 1073 700 1134 dein
715 1083 793 1133 terra
810 1083 925 1152 operto.
951 1071 1037 1134 Greia
1048 1083 1082 1138 ot

13 1160 156 1238 „pqnidam
177 1159 293 1236 ligulina
308 1160 393 1218 etiam
406 1171 478 1217 uvas
495 1157 616 1216 inlinunt
638 1159 821 1236 siccatasque
838 1158 903 1218 sole
918 1176 1039 1236 suspen-

13 1243 124 1325 „pdunu
140 1245 169 1304 in
184 1261 238 1302 usn
251 1243 396 1304 diluentes
413 1249 529 1300 cretam.
562 1241 681 1300 eandem
703 1243 796 1318 pomis
811 1243 878 1300 vino
893 1241 1038 1318 subigunt.

13 1327 113 1410 „prsis
133 1343 206 1388 vero
228 1326 453 1404 generosissima
475 1324 576 1384 eadem
598 1326 709 1384 ratione
728 1333 858 1386 crustant
874 1341 971 1404 gypso
989 1326 1039 1386 vel

26 1426 109 1489 pcora
125 1427 217 1490 quae,
240 1411 294 1472 nisi
309 1411 528 1484 maturaverint,
550 1410 728 1468 incremento
750 1408 880 1484 calpoem
895 1419 1037 1486 rumpunt.

13 1484 158 1593 {fpsemper
172 1504 267 1557 sutem
281 1496 310 1554 in
324 1493 476 1573 pediculos
493 1492 646 1554 conlocant
662 1509 706 1552 aa.
738 1493 785 1552 alii
800 1493 960 1571 decerpunt
976 1511 1040 1552 cum

25 1580 165 1659 paniculis
197 1596 309 1658 eosque
343 1581 372 1638 in
403 1575 557 1645 medullam
582 1577 683 1636 sabuci
710 1575 823 1636 abditos
857 1575 980 1636 obruunt
1006 1585 1036 1636 ut
1048 1601 1071 1633 ss

13 1679 125 1749 Ὦ666666
139 1665 277 1742 scriptum
292 1672 348 1723 est.
379 1662 427 1722 alii
448 1662 566 1738 singulis
587 1661 669 1720 malis
688 1661 818 1739 pirisque
838 1661 1035 1738 singulavasa
1047 1670 1080 1723 66

13 1747 137 1834 ppflctilia
153 1741 303 1824 adsignant
318 1756 349 1806 et
364 1746 502 1824 opercula
515 1763 614 1816 666666
630 1747 725 1824 picata
741 1744 819 1806 dolio
834 1745 935 1804 iterum
949 1745 1039 1804 inelu·
1110 1807 1113 1816 ,

44 1832 123 1910 dunt,
147 1850 205 1892 nee
226 1849 284 1892 non
298 1831 386 1909 aliqui
401 1831 429 1890 iu
445 1831 547 1890 lloccis
563 1832 734 1908 capsisque,
752 1846 823 1908 quus
838 1829 898 1889 luto
921 1827 1038 1908 paleato

17 1915 169 2000 ppinlinunt.
195 1916 243 1976 alii
255 1916 315 1976 ,hoc
326 1916 402 1976 idem
415 1917 444 1974 iu
459 1915 562 1994 patinis
571 1914 725 1990 lietilibus,
742 1913 829 1990 aliqui
842 1923 871 1973 et
888 1914 916 1973 in
932 1913 1038 1973 scrobe

12 1999 170 2086 pauleiecta
184 1999 297 2060 lrarelra
316 2001 356 2060 ita
374 2002 453 2059 sicea
475 2001 607 2076 operiunt
629 2015 696 2057 mox
716 2007 804 2056 terra.
842 2006 906 2056 sunt
927 1999 974 2075 qui
990 2014 1037 2056 co·

14 2117 31 2170 p,
43 2091 125 2146 tonsa
141 2101 210 2144 uera
225 2083 343 2144 Pontica
358 2083 437 2143 inlita
448 2083 536 2141 melle
548 2082 726 2155 demergant.
758 2078 918 2138 Columella
935 2088 1081 2142 auctorit

15 2195 26 2253 :c'
43 2167 86 2228 e'st
99 2172 126 2228 in
144 2177 249 2248 puteos
260 2170 441 2228 cisternasve
455 2167 482 2224 in
499 2165 634 2223 limitibus
649 2165 727 2222 vasis
741 2163 808 2239 pice
824 2162 954 2238 diligenti
970 2167 1038 2221 cuia

15 2252 125 2334 pinlitis
147 2253 248 2329 mergi.
281 2251 394 2330 Liguria
417 2250 555 2308 maritima
576 2246 699 2324 Alpibus
721 2263 861 2323 proxuma
882 2263 953 2304 uuas
974 2245 1038 2304 sole

12 2333 25 2418 p
41 2339 165 2397 siccatas
182 2337 257 2396 iunci
278 2336 377 2396 fasciis
391 2333 511 2394 involvit
531 2331 668 2408 cadisque
685 2329 816 2389 conditas
831 2345 928 2407 gypso
947 2329 1037 2388 inelu-

12 2414 91 2507 666.
123 2421 180 2480 lroo
195 2420 270 2479 idem
282 2419 387 2480 Graeci
400 2418 505 2496 platani
520 2416 598 2476 loliis
610 2415 732 2475 nutritis
747 2414 838 2492 ipsias
855 2422 903 2472 aut
918 2413 965 2473 lici
981 2429 1037 2472 uuo

12 2499 22 2589 p
40 2505 86 2565 die
100 2507 131 2564 in
142 2503 371 2564 umbrasiceatis
387 2512 474 2580 atque
489 2501 519 2558 in
530 2499 603 2560 cado
617 2499 746 2558 vinaceis
760 2497 950 2575 interpositis.
979 2513 1036 2575 quo

12 2617 18 2668 p
39 2586 226 2666 generetur
243 2606 297 2647 uva
313 2595 343 2646 et
359 2587 475 2661 Berytia
490 2592 657 2657 servantur,
681 2581 785 2641 nullius
808 2581 941 2640 suavitati
959 2591 1038 2661 post-

12 2713 16 2750 ζ
40 2673 189 2737 ferendae.
213 2672 336 2750 quoidam,
350 2677 380 2730 ui
392 2671 442 2730 has
454 2669 570 2742 iaciant,
586 2669 725 2726 incinere
741 2666 830 2725 lixivo
845 2667 955 2744 tingunt
968 2684 1034 2746 pro·
1047 2676 1080 2729 67

40 2759 114 2818 tinus
131 2774 214 2834 quam
233 2756 386 2816 detraxere
404 2753 528 2826 vitibus,
549 2769 617 2810 mox
639 2753 666 2810 in
687 2749 751 2810 sole
773 2751 899 2827 siccant,
921 2760 978 2810 tum
993 2751 1039 2824 fo-‚

12 2840 102 2917 ullis,
117 2851 149 2900 ut
162 2839 367 2918 supradictum
385 2847 447 2913 est,
469 2836 611 2895 involutus
621 2835 751 2894 vinaceis
765 2835 879 2913 stipant.
910 2842 974 2893 sunt
989 2835 1038 2912 qui
1047 2859 1070 2891 rr
1141 2821 1148 2838 ⁸

40 2923 147 2986 malunt
167 2941 238 2983 uras
259 2922 351 2983 scobe
374 2919 547 2982 ramentisve
569 2920 688 2994 abietis,
711 2919 828 2997 populi,
851 2919 954 2978 fraxini
976 2935 1038 2976 ser·

40 3025 119 3068 vare.
151 3008 276 3084 sunu-qni
288 3006 429 3085 suspendi
436 3003 539 3083 prooul
555 3004 637 3064 malis
653 3004 842 3081 protinusque
858 3003 886 3062 in
897 3002 1038 3078 granariis

40 3092 153 3168 iubent,
182 3091 315 3169 quoniam
337 3100 453 3169 optume
479 3090 516 3149 sit
541 3090 722 3166 operimento
747 3088 842 3166 pulvis
865 3085 1035 3164 pensilibus.

40 3185 141 3236 eonma
154 3191 262 3254 vespas
282 3175 411 3235 remedio
427 3181 472 3234 est
493 3173 560 3232 oleo
575 3172 712 3251 adspergi
725 3190 765 3232 ex
781 3188 842 3232 ore.
870 3169 915 3228 De
936 3169 1037 3248 palmis

12 3261 191 3322 ediximus-2
1022 3273 1080 3314 raas

51 3383 54 3388 -
103 3343 150 3404 18.
172 3343 259 3422 (19.)
291 3341 315 3402 E
333 3343 448 3421 reliquo
468 3357 580 3418 genere
599 3357 749 3418 pomorum
770 3339 841 3398 llous
862 3337 1081 3415 amplissimae&

40 3437 101 3503 est,
120 3427 316 3505 quaedamque
335 3435 363 3486 et
378 3429 447 3506 piris
461 3425 653 3502 magnitudine
669 3423 790 3484 aemula.
819 3421 863 3482 lle
875 3423 1037 3500 Aegyptiae

40 3507 226 3590 Cypriaeque
238 3510 384 3572 miraculis
397 3509 544 3571 retulimus
559 3511 632 3572 iuter
645 3520 789 3570 externas.
813 3505 899 3568 Idaea
911 3505 994 3566 rubet
1005 3499 1078 3583 ⁶⁶¹?qq.

81 3615 151 3654 euru.
165 3617 227 3655 nur.
242 3617 311 3655 ursa.
327 3601 358 3655 ll.
799 3591 836 3653 19
