2462 3900
154 150 213 212 284
343 197 347 209 .
501 125 858 212 cmurmsucurrm‘

86 340 89 349 ·
153 317 364 394 supellectilem
387 318 511 396 ligneam
533 337 567 378 ac
590 338 659 381 vasa
683 313 789 380 lictilia¹
804 321 833 378 in
852 319 916 397 quis
938 317 1026 376 licum
1044 317 1152 378 aridam

153 401 242 460 libeat
258 401 428 476 adservare,
444 411 492 462 aut
506 405 530 463 sl
544 403 613 464 lolia
629 405 775 482 bacasque
789 403 818 462 in
831 402 922 479 virgis
936 403 1024 475 myrti
1038 401 1154 462 aliudve

117 489 120 497 '
152 483 230 563 quod
246 503 343 562 ‘genus
365 487 468 546 simile.
499 497 646 565 postremo
668 489 745 565 liqna
763 494 910 546 macerata
933 501 1052 544 amurca
1075 485 1154 544 nullo

151 567 220 628 lumi
241 570 337 630 taedio
359 571 473 630 ardere.
503 570 603 631 Oleam
626 574 649 632 si
670 571 823 632 lambendo
844 585 932 647 capra
948 569 1049 646 lingna
1066 569 1155 628 cond

151 653 226 730 gerit
246 654 454 733 depaveritque
476 657 569 732 primo
587 657 763 732 germinatu,
786 653 974 714 sterilescere
986 663 1100 713 auctor
1115 660 1184 712 ests

150 734 188 796 Μ.
206 736 308 797 Varro.
339 736 581 799 Etbactenusde
597 739 860 818 uleaatqueoleo.
1084 773 1089 781 ·

67 883 69 890 ,
109 827 143 882 35
168 869 171 878 .
215 821 244 882 9.
268 822 331 900 (9.)
354 821 469 900 Reliqui
485 823 619 886 arborum
633 822 743 904 fractus
755 825 805 882 rix
820 823 922 901 specie
937 821 1085 898 figurare,
1103 837 1160 879 nou

150 905 245 965 modu.
254 905 407 984 saporibus
421 907 557 984 sucisque
571 909 678 971 totiens
692 907 843 986 permixtis
859 915 946 984 atque
964 905 1072 980 insitis,
1090 923 1160 964 emr-

150 990 255 1048 meruri
274 997 391 1066 queunt.

214 1072 262 1131 10.
286 1072 497 1133 Grandissimus
518 1075 611 1151 pineis
626 1074 749 1134 nucibus
764 1074 963 1151 altissimeque
979 1087 1159 1149 suspensus,
1169 1071 1194 1127 ri

151 1157 226 1215 intus
242 1155 328 1216 exilis
341 1156 463 1216 nucleos
477 1157 617 1218 lacunatis
632 1158 852 1232 includit-toris,
868 1157 1010 1216 uestitus·
1022 1155 1081 1215 alia
1099 1155 1160 1215 ler-

150 1240 259 1316 ruginis
275 1243 380 1315 tunica,
399 1242 468 1302 mira
482 1251 601 1301 naturae
616 1259 684 1302 cura
699 1242 827 1302 molliter
844 1242 953 1300 semina
968 1239 1160 1302 conlocandi.

151 1321 248 1384 harum
272 1343 364 1401 genus
386 1324 507 1385 alterum
527 1328 688 1386 terentinae
709 1327 806 1404 digitis
821 1325 917 1402 fragili
933 1325 1081 1402 putamine
1096 1323 1159 1382 ari·

109 1413 144 1468 36
154 1425 257 1485 umque
274 1409 350 1469 furto
365 1410 394 1468 in
405 1409 521 1470 urbere.
542 1419 571 1469 et
586 1412 699 1470 tertium
717 1411 829 1490 sappini
845 1411 960 1488 epicea
976 1409 1089 1482 sadra,
1107 1425 1160 1466 nu·

152 1490 281 1552 oleorum
296 1503 362 1554 cute
375 1496 473 1554 verius
485 1511 568 1571 quam
586 1496 730 1572 putamine
745 1495 820 1554 adeo
835 1493 915 1553 molli
933 1501 962 1551 ut
976 1491 1061 1551 simul
1076 1509 1159 1551 marr·
1170 1510 1195 1552 rt

151 1574 243 1636 datar.
268 1587 405 1655 quartum
420 1578 528 1657 pitydia
543 1588 647 1638 vocant
669 1596 686 1636 e
701 1579 853 1657 pinastris,
873 1576 1027 1654 singularis
1042 1575 1161 1636 remedi

151 1659 291 1720 adversus
306 1663 407 1722 tussim
422 1664 451 1720 in
465 1663 553 1722 melle
570 1663 701 1722 decoctis
717 1661 837 1740 nucleis.
856 1660 984 1724 ,Taurini
999 1659 1159 1737 aquicelos

53 1797 59 1814 „
152 1753 269 1802 uocant.
300 1744 387 1804 Pinea
403 1761 511 1804 corona
526 1746 655 1806 victores
670 1747 745 1824 apud
760 1744 895 1805 isthmum
912 1753 1118 1804 coronantur:
1199 1811 1205 1828 ἱ

88 1831 142 1890 ,31
214 1825 243 1902 ll.
269 1828 353 1903 (10.)
376 1827 427 1886 llis
455 1846 594 1905 proxuma
617 1831 802 1909 amplitudine
822 1829 896 1888 mala
918 1843 993 1906 qaae
1013 1845 1158 1889 voramus

152 1918 276 1968 cotonea
293 1919 322 1968 et
338 1909 441 1970 Graeci
464 1913 612 1986 cydonaea
635 1912 774 1974 excreta
792 1913 884 1972 insula
897 1913 1029 1973 advecta.
1057 1913 1155 1971 incur·
1167 1931 1194 1974 ro

150 2001 234 2054 vatos
255 1993 369 2056 trahunt
383 2013 480 2056 ramos
494 1997 705 2076 prohibentque
721 2015 859 2057 cresccre
875 2006 1034 2076 parentem.
1068 1995 1157 2074 plura

151 2075 250 2147 eorum
272 2096 399 2156 genera:
421 2081 605 2155 chrysomela
628 2084 761 2142 incisuris
785 2081 917 2142 distincta
933 2080 1036 2140 colore
1052 2080 1089 2139 ad
1106 2099 1156 2140 au·

151 2181 212 2224 rum
238 2164 391 2239 inclinato,
425 2165 472 2244 qui
495 2166 643 2226 candidior
664 2168 802 2226 nostratia
827 2167 1027 2242 cognominat,
1053 2165 1156 2225 odoris

108 2250 402 2325 aeproasmmissimi.
433 2257 478 2308 est
502 2258 530 2308 et
545 2249 746 2328 Neapolitanis
768 2269 837 2309 suus
852 2250 957 2308 henos.
988 2250 1100 2308 minora
1119 2251 1161 2308 ex'

151 2331 253 2392 eodem
268 2351 378 2409 genere
395 2331 524 2392 struthea
540 2334 689 2393 odoratius
702 2335 830 2408 vibrant,
850 2328 979 2392 serotino
997 2343 1189 2410 proventum

150 2418 288 2492 praecoci
311 2434 382 2475 vero
404 2426 524 2476 mustea.
559 2417 696 2476 strutheis
714 2427 809 2478 autem
826 2426 950 2477 cotonea
966 2418 1050 2476 insita
1071 2433 1156 2478 suum

149 2515 243 2574 genus
264 2500 366 2560 lesere
385 2499 573 2575 Muluianum,
597 2518 672 2580 quae
695 2502 759 2562 sola
781 2517 819 2560 ex
836 2501 882 2562 bis
902 2501 952 2561 rel
969 2501 1058 2561 cruda
1076 2519 1156 2561 man·

150 2581 269 2654 duntur,
298 2584 353 2642 iarn
382 2593 410 2640 et
432 2584 557 2644 virorum
581 2586 758 2646 salutatoriis
785 2585 929 2645 cubilibus
957 2585 1087 2660 inclusa,
1117 2587 1156 2644 si·

36 2685 38 2694 ·
149 2663 286 2732 mulacris
301 2666 427 2726 noctium
442 2669 569 2728 consciis
584 2669 718 2746 inposita.
749 2678 814 2728 sunt
828 2677 983 2747 praeterea
998 2685 1089 2746 parra
1105 2669 1154 2727 sil·

151 2749 277 2824 restria,
296 2767 313 2809 a
329 2750 465 2810 strutheis
482 2753 694 2828 odoratissima,
713 2756 741 2812 lo
756 2752 894 2830 saepibus
908 2755 1065 2812 nascentia.
1163 2775 1187 2817 au

107 2840 142 2896 39
217 2834 301 2912 (11.)
320 2831 397 2894 Mala
411 2837 604 2913 appellamus,
622 2855 792 2916 quamquam
808 2837 916 2896 diuersi
931 2837 1066 2914 generis,
1084 2836 1155 2896 Per·

151 2917 211 2977 sioa
234 2927 263 2976 et
282 2926 420 2995 granata,
444 2935 518 2997 quae
540 2923 568 2980 in
584 2921 698 2981 Punicis
720 2920 873 2982 arboribus
895 2938 998 2980 novem
1013 2936 1155 2997 generum

108 2997 228 3076 {dedicta
244 3013 318 3061 sunt.
348 3002 393 3062 bis
416 3005 522 3064 acinus.
536 3005 590 3064 sub
611 3007 722 3066 cortice
739 3007 830 3080 istus,
846 3004 1026 3082 illisligaum
1042 3005 1071 3062 in
1089 3021 1155 3062 cor·

152 3103 234 3165 pore.
265 3103 397 3146 necnon
416 3096 446 3146 et
466 3089 608 3164 quaedam
629 3109 647 3150 a
664 3090 739 3169 piris
755 3089 867 3149 libralia
890 3089 1036 3168 appellata
1052 3087 1155 3166 ampli·

151 3171 277 3230 tudinem
304 3171 360 3231 sibi
385 3170 528 3250 ponderis.
552 3176 674 3244 nomine,
701 3173 847 3234 adserunt.
888 3160 959 3264 12(
972 3171 1031 3240 Sed
1052 3172 1188 3254 ⁸Persi-rr

153 3271 251 3314 corum
272 3255 367 3332 palma
389 3256 542 3316 duracinis.
575 3256 842 3319 nationum-hubent
864 3273 1027 3334 cognomen
1043 3255 1155 3318 Gallica

110 3343 145 3397 to
156 3345 185 3394 et
200 3337 339 3401 Asiatica.
367 3351 435 3418 post
450 3349 610 3401 autumnum
625 3346 836 3414 maturescunt,
856 3350 971 3401 aestate·
984 3342 1153 3420 praecocia,

152 3419 225 3478 iutra
235 3437 309 3482 xxx
319 3441 411 3484 annos
425 3434 544 3503 reperta
560 3434 590 3484 et
603 3428 696 3503 primo
706 3425 832 3488 denariis
845 3426 961 3504 singula
970 3426 1152 3486 venumdata.
