2482 3910
182 185 241 246 142
474 259 479 277 .
507 197 536 246 c.
553 199 650 246 surm
665 197 814 246 securior

181 363 211 414 et
232 353 281 413 ubi
303 353 380 414 nulla
401 354 457 415 alia
476 371 535 414 vox
552 355 722 428 misceatur,
739 353 889 414 adsidente
910 354 959 432 qui
980 352 1088 413 crebro
1112 355 1191 416 dieat

182 455 216 498 ea
233 456 308 517 quae
321 439 436 498 condita
450 439 522 498 velit
540 455 575 498 ao
592 437 665 498 cibis
679 437 854 498 blandiente.

139 533 187 586 ιιι
258 522 309 583 43.
335 523 419 601 (60.)
447 521 595 582 Reddatur
615 530 644 581 et
667 523 764 581 corvis
784 539 835 581 sua
855 521 966 597 gratia,
988 520 1189 598 indignumne

180 624 298 686 quoque
312 606 412 685 populi
428 605 548 667 Romani
563 614 678 679 testata,
694 622 751 664 non
766 605 859 664 solum
878 605 1066 664 conscientia.
1104 605 1188 666 Tibe-

179 692 224 751 rio
247 693 378 769 principe
401 709 439 750 ex
455 690 517 750 letu
538 707 624 767 supra
652 686 802 750 castorum
835 689 937 749 aedem
966 691 1067 764 genito
1092 690 1207 768 pullusc

180 777 208 834 in
227 777 391 854 oppositam
406 776 542 834 sutrinam
557 774 714 849 devolavit,
737 776 823 833 etiam
837 773 983 852 religione
1002 775 1188 833 commenda·

180 869 226 919 tus
242 859 381 918 officinae
402 859 526 918 domino.
554 859 579 916 is
600 867 711 917 mature
731 857 856 918 sermoni
877 857 1073 930 adsuefactam
1101 859 1187 918 omni·

182 943 235 1003 bus
248 943 392 1003 matutinis
416 943 536 1002 evolans
557 943 586 1001 in
607 950 702 1001 rostra
731 943 874 1004 inieram
902 957 1005 1000 versus
1028 940 1186 1016 Tiberium,

181 1028 249 1087 dein
265 1025 462 1085 Germanicum
479 1036 508 1086 et
522 1026 645 1086 Drusum
660 1023 806 1086 Caesares
823 1027 996 1100 nominatim,
1009 1041 1081 1084 mox
1096 1035 1186 1086 trans·

182 1119 298 1169 euntem
317 1111 454 1188 populum
475 1110 633 1170 Romanum
660 1110 821 1183 salutabat,
849 1117 953 1188 postea
977 1109 1012 1168 ad
1037 1108 1214 1172 tabernemu

139 1205 190 1259 lin
197 1211 342 1270 remeans,
365 1194 489 1272 plurium
500 1211 637 1256 annorum
651 1194 774 1254 adsiduo
790 1194 888 1254 olicio
903 1195 1001 1253 mirae.
1031 1193 1114 1254 hunc
1129 1195 1188 1255 sive

181 1279 374 1362 aemulatione
413 1281 578 1340 vicinitatis⁴
596 1295 734 1358 manceps
765 1293 936 1356 proxumae
962 1279 1095 1337 sutrinae
1130 1280 1188 1338 sive

181 1364 327 1432 iracundia
339 1363 441 1439 subita,
458 1375 488 1424 ut
500 1365 592 1424 voluit
609 1363 710 1435 videri,
726 1363 921 1424 excrementis
935 1363 997 1420 eius
1015 1364 1117 1439 posita
1133 1361 1187 1424 cal·

182 1450 243 1510 ceis
256 1449 378 1524 macula,
402 1450 575 1510 exanimauit
591 1457 667 1508 tanta
685 1407 785 1546 plebei
797 1447 1032 1506 consternatione
1049 1455 1082 1505 ut
1096 1449 1186 1525 primo

110 1609 112 1614 ,
181 1534 282 1632 pulsus
300 1551 338 1592 ex
354 1549 388 1592 ea
404 1535 537 1609 regione,
552 1549 620 1591 mox
634 1539 665 1590 et
683 1532 911 1631 interemptus
891 1531 938 1604 sit,
964 1530 1113 1609 iunusqne
1131 1530 1211 1592 stuta

182 1618 337 1675 innumeris
363 1616 540 1676 celebratam
568 1617 733 1694 exsequiis,
761 1623 938 1674 constratum
961 1614 1069 1674 lectam
1100 1620 1186 1712 super

182 1699 357 1776 Aethiopum
377 1699 498 1758 duorum
520 1717 636 1760 umeros
658 1699 855 1777 praecedente
877 1698 995 1758 tibicine
1017 1707 1047 1756 et
1069 1699 1186 1762 coronis

183 1783 306 1842 omnium
318 1798 458 1861 generum
469 1781 505 1842 ad
519 1796 621 1860 rogum
635 1801 730 1862 usque
740 1784 790 1862 ιιιιί
802 1791 986 1842 constructus
1002 1782 1110 1842 dextra
1124 1785 1185 1842 viae

182 1866 298 1945 Appiae
322 1866 357 1926 ad
379 1867 536 1926 secundum
558 1867 685 1945 lapidem
705 1869 733 1926 in
756 1883 859 1946 campo
880 1865 1013 1938 Rediculi
1034 1867 1185 1944 appellato

141 1951 264 2014 melun.
296 1950 370 2010 adeo
386 1951 458 2010 satis
479 1951 553 2010 iusta
573 1967 659 2011 causa
677 1951 786 2030 populo
806 1949 937 2012 Romano
954 1952 1015 2010 visa
1038 1959 1086 2010 est
1102 1963 1215 2010 exse-a

183 2035 311 2113 qniarum
328 2035 471 2112 ingenium
485 2037 545 2094 avis
558 2044 606 2094 aut
618 2035 746 2114 supplici
757 2035 794 2096 de
807 2037 872 2095 cive
884 2033 1055 2096 Romanuin
1068 2052 1106 2094 ea
1116 2033 1187 2093 arbe

182 2121 210 2180 in
226 2137 282 2200 qua
296 2119 448 2179 multorum
462 2119 623 2198 principum
643 2137 728 2179 nemo
739 2119 907 2179 deduxerat
921 2119 1015 2194 funus,
1040 2119 1188 2196 Scipionis

181 2221 254 2264 vero
271 2204 423 2264 Aemiliani
441 2213 509 2282 post
531 2201 733 2282 carthaginen
754 2201 991 2280 Numantiamque
1013 2202 1136 2262 deletas·
1151 2201 1187 2261 ab

183 2307 219 2349 eo
240 2305 325 2348 nemo
348 2288 547 2349 vindicaverat
573 2297 705 2348 mortem.
732 2287 789 2346 hoc
809 2297 924 2364 gestum
943 2286 980 2345 bl.
1004 2286 1133 2346 Servilio
1151 2283 1185 2344 0.

142 2373 299 2448 lnACestio
313 2391 389 2434 coss.
399 2391 424 2432 a.
433 2373 501 2432 dv.
510 2371 625 2432 kalend.
639 2371 759 2452 Aprilis.
778 2369 861 2432 Nune
872 2387 988 2450 qnoque
1001 2378 1064 2430 erat
1075 2370 1106 2428 in
1115 2369 1217 2428 arbem

75 2453 77 2456 ’
182 2457 274 2516 Roma
289 2457 363 2516 haec
381 2457 523 2534 prodente
539 2473 585 2515 me
598 2458 703 2534 equitis
716 2453 836 2514 Romani
848 2457 949 2516 cornix
965 2473 980 2514 e
996 2453 1117 2514 Baetica
1128 2455 1185 2532 pri·

182 2556 257 2597 mum
270 2539 371 2598 colore
380 2541 450 2598 mira
462 2538 614 2599 admodum
621 2542 717 2615 nigro,
730 2539 837 2598 deiude
849 2539 932 2616 plura
946 2548 1082 2601 contenta
1094 2536 1187 2596 verba

80 2669 82 2674 .
184 2623 392 2700 exprimens-et
404 2623 459 2683 alia
471 2631 557 2702 atque
574 2625 629 2684 alia
645 2623 750 2682 crebro
764 2623 928 2683 addiscens.
958 2639 1014 2683 nec
1028 2639 1085 2680 non
1098 2631 1129 2680 et
1139 2639 1186 2680 re·

184 2723 254 2766 cens
271 2707 345 2766 lama
362 2704 475 2768 Crateri
486 2706 684 2767 ltlonocerctis
698 2708 911 2784 cognominem
923 2707 1045 2768 Erizena
1063 2707 1187 2782 regione

184 2791 273 2850 Asiae
290 2808 442 2850 corvorum
458 2809 549 2871 opera
569 2793 700 2852 venantis
722 2808 758 2850 eo
780 2791 858 2870 qnod
873 2791 1038 2852 devehebat
1052 2793 1081 2848 in
1098 2790 1216 2848 silvasaa

185 2893 237 2935 eos
255 2875 413 2935 insidentes
429 2877 584 2936 corniculis
599 2879 775 2954 umerisque.
792 2875 834 2935 illi
847 2875 1031 2952 vestigabant
1046 2871 1185 2950 agebant·

184 2978 240 3040 que
255 2978 290 3020 eo
309 2960 448 3038 perducta
465 2961 674 3020 consuetudine
694 2970 724 3020 at
739 2969 893 3020 exeuntem
913 2963 957 3018 sic
981 2959 1187 3018 comitarentur

142 3043 191 3108 125
200 3055 229 3104 et
241 3046 304 3105 ieri.
333 3028 512 3105 undenum
523 3053 663 3124 putavere
677 3045 834 3104 memoriae
842 3044 979 3142 ..quidam
970 3045 1066 3104 visum
1077 3059 1133 3120 per
1148 3043 1186 3098 si·

184 3131 234 3190 tim
249 3127 361 3220 lapides
377 3139 584 3206 congerentem
600 3131 627 3188 in
638 3129 758 3188 simiam
772 3129 953 3202 monimenti,
970 3129 998 3186 in
1015 3142 1072 3205 (pua
1089 3125 1187 3202 pluvia

178 3227 257 3293 aqua
274 3207 411 3288 durabat,
433 3214 486 3273 sed
510 3231 584 3290 quae
604 3215 704 3290 attingi
724 3229 782 3272 non
800 3221 911 3290 posset
942 3213 984 3271 ita
1003 3209 1219 3270 descenderent

183 3307 338 3376 paventem
351 3299 535 3376 expressisse
548 3299 597 3357 tali
609 3299 747 3375 congerie
757 3305 897 3374 (ιιιιιιιιιιιι
909 3305 1014 3374 pctvrro
1026 3294 1238 3354 sulliceret.

144 3389 195 3442 126
265 3383 315 3442 44.
335 3381 419 3461 (61.)
441 3380 505 3441 Nec
528 3381 696 3442 Diomedia-s
723 3381 891 3459 praeteribo
903 3397 979 3440 aurs.
1019 3379 1088 3439 laba
1109 3387 1188 3438 cata·
1237 3447 1238 3450 ι

186 3473 280 3524 motas
292 3475 379 3526 vocat
390 3475 419 3528 et
432 3469 473 3526 eis
488 3485 556 3526 esse
572 3469 663 3526 dentis
681 3466 842 3544 oculosque
854 3468 940 3543 igneo
954 3464 1067 3540 colore,
1085 3472 1188 3524 cetero
1237 3459 1238 3468 ’

27 3590 72 3608 -
