2462 3900
303 195 396 271 guar.
414 187 846 274 nisu.x1111.t-o.(6-e.)
898 213 900 217 ·
1028 189 1089 252 263

0 399 1 402 ,
115 337 125 351 ’
152 347 182 409 6.
206 347 251 426 (8.
268 349 310 427 1.)
334 347 447 410 Genera
460 341 554 412 autem
569 351 627 411 vini
648 353 704 412 alia
719 353 783 414 aliis
799 358 927 432 gratiora
944 373 1011 418 esse
1023 359 1086 437 quis
1097 366 1133 423 ts

84 431 214 508 dubitet,
231 441 281 491 aut
295 449 351 492 non
364 452 401 492 ex
419 434 523 494 eodem
540 435 603 495 lacu
619 437 695 497 aliud
711 441 903 516 praestantius
915 441 1007 500 altero
1023 460 1088 518 ger·

80 516 251 576 manitatem
263 517 443 594 praecedere
458 521 521 579 sive
537 529 611 580 testa
626 521 689 580 sive
705 521 822 582 fortuito
843 522 970 583 eventu?
994 543 1089 604 quam·

83 599 188 660 obrem
204 599 240 659 de
253 601 415 680 principatu
429 621 461 664 se
474 605 596 683 quisque
605 603 727 664 iudicem
739 615 853 666 statuet.
875 607 1086 684 IuliaAugustu
1097 617 1133 674 60

55 697 212 753 5Lxxx11
236 701 325 758 anuos
339 687 418 746 vitae
433 687 539 748 Pucino
560 691 627 746 vinc
645 689 755 749 rettulit
776 701 934 769 acceptos,
959 707 1015 750 non
1031 692 1087 752 alio

82 784 148 828 usa.
179 769 307 844 gignitur
329 771 357 828 in
377 771 439 830 sinu
459 771 613 831 Hadriatici
635 773 720 832 maris
739 791 796 833 non
812 775 915 853 procul
938 773 1087 834 elimato

4 933 5 936 Ἴ
82 853 182 930 fonte,
200 868 290 912 saxeo
303 853 398 928 colle,
416 857 554 914 maritimo
567 855 671 916 adflatu
685 868 952 937 paucascoquente
971 857 1087 937 amplio-

82 954 151 1011 ras,
176 953 232 996 nec
246 937 323 997 aliud
340 939 433 1015 aptius
447 941 663 1000 medicamentis
678 941 827 1002 iudicatur.
862 943 920 1002 boc
936 959 1003 1003 esse
1025 959 1088 1001 cre·

83 1020 208 1080 diderim
224 1021 301 1099 quod
316 1020 419 1082 Graeci
439 1023 622 1084 celebrantes
638 1025 716 1084 miris
733 1025 865 1086 leudibus
879 1025 1088 1086 Praetetianum

44 1129 74 1171 10
83 1104 299 1182 appellaverint
327 1121 364 1166 er
384 1105 549 1166 Hadriatico
577 1109 649 1167 sinu.
685 1104 775 1169 Divos
795 1105 942 1187 Augustei
958 1110 1129 1174 Setinumdt

0 1253 2 1276 ι
83 1188 222 1268 praetulit
245 1191 355 1249 cunctis
378 1199 408 1250 et
432 1189 496 1250 iere
520 1192 612 1250 secuti
627 1193 792 1270 principes,
816 1195 950 1253 confessa
967 1203 1089 1272 propter
1169 1223 1174 1240 .

83 1273 301 1350 experimenta,
323 1288 380 1332 non
405 1283 514 1334 temere
538 1275 724 1346 cruditatibus
746 1277 841 1335 noxiis
867 1277 902 1336 ab
930 1293 965 1336 ea
987 1277 1086 1336 saliva.

83 1357 213 1416 nascitur
229 1369 316 1435 supra
331 1355 436 1416 Forum
451 1357 538 1436 Appi.
570 1358 664 1418 Antea
677 1357 815 1418 Caecubo
829 1369 892 1420 erat
904 1361 1087 1437 generositas

84 1440 277 1508 celeberrima
289 1441 316 1500 in
328 1441 504 1518 palustribus
516 1443 663 1520 populetis
676 1445 738 1502 sinu
745 1441 935 1519 Amynclano,
947 1443 1087 1522 quodiam

44 1547 74 1591 st
84 1525 232 1584 intercidit
246 1526 356 1585 incuria
372 1525 468 1584 coloni
485 1526 602 1604 locique
623 1527 770 1604 angustia,
790 1527 881 1604 magis
898 1537 992 1587 temen
1007 1525 1087 1586 losse
1177 1551 1184 1558 ·

1 1672 3 1677 ,
83 1608 210 1669 Neronis
224 1625 307 1687 quam
320 1627 336 1668 a
347 1609 454 1669 Rolano
467 1608 648 1670 lacuOstiam
661 1629 753 1690 usque
764 1611 956 1689 navigabilem
968 1609 1083 1670 inchoa·

83 1701 176 1752 verat.
214 1693 266 1771 [n]
292 1693 427 1753 Secunda
453 1693 588 1754 nobilitas
608 1693 733 1757 Falerno
760 1712 832 1774 agro
857 1703 918 1756 erat
939 1704 967 1754 et
988 1711 1025 1753 ex
1046 1701 1128 1756 econ

83 1793 215 1836 maxume
232 1776 426 1838 Faustiniano.
454 1797 525 1846 cura
545 1778 714 1856 culturaque
734 1779 762 1840 id
784 1779 955 1856 collegerat.
986 1777 1085 1837 excle-

1 1925 3 1960 ν
85 1861 140 1920 scit
155 1859 230 1919 haec
243 1876 358 1942 quoque
375 1864 479 1942 copiae
495 1865 591 1947 potius
604 1881 687 1942 quam
698 1863 818 1924 bonitati
834 1863 1015 1923 studentium.
1033 1859 1085 1920 Fa·

43 1965 74 2008 ao
87 1943 186 2004 lernus
202 1963 274 2021 ager
297 1963 312 2004 a
328 1956 415 2025 ponte
432 1945 579 2025 Campano
595 1948 678 2011 laeva
694 1947 858 2025 petentibus
875 1945 1020 2006 Urbanam
1036 1955 1094 2004 cot*

84 2028 190 2088 lonium
211 2029 356 2089 Sullanum
377 2046 469 2108 nuper
490 2029 608 2108 Capuae
630 2031 819 2090 contributam
834 2031 950 2109 incipit,
976 2029 1085 2090 Fausti·

1 2090 19 2200 ξ’
84 2113 184 2172 nianus
202 2113 317 2172 circiter
337 2125 392 2172 1111
409 2113 485 2172 milia
503 2129 639 2189 passuum
653 2130 670 2170 a
684 2114 752 2171 vico
768 2111 924 2186 Caedicio,
943 2113 990 2188 qui
1004 2113 1085 2170 vicus

1 2205 2 2210 ’
84 2213 100 2256 a
115 2197 253 2256 Sinuessa
271 2207 308 2254 vt
318 2195 433 2254 milibus
445 2211 580 2272 passuum
592 2194 684 2254 abest.
701 2213 756 2254 nec
767 2195 818 2254 ulli
830 2213 904 2253 nunc
915 2196 981 2252 vinc
994 2195 1084 2252 maior

87 2280 253 2354 auctoritas.
278 2279 343 2338 solo
356 2280 485 2338 vinorum
498 2277 608 2338 ilamma
620 2277 795 2338 accenditur.
817 2279 870 2336 tria
884 2278 946 2336 eius
958 2293 1081 2354 genera:
1092 2283 1127 2341 63

42 2379 74 2420 ss
86 2370 242 2436 austerum,
259 2361 360 2438 dulce,
376 2372 473 2422 tenue.
501 2353 615 2440 quidam
631 2363 669 2422 ite
685 2361 855 2438 distingunt,
872 2361 989 2420 summis
1004 2358 1084 2418 colli-

83 2446 139 2506 bus
160 2441 316 2504 Caucinum
336 2447 433 2524 gigni,
457 2444 572 2506 mediis
585 2445 810 2520 Faustinianum,
838 2446 900 2504 imis
922 2443 1082 2505 Falernum.

83 2545 141 2588 non
165 2529 351 2591 omittendum
372 2540 466 2590 autern
486 2530 556 2589 nulli
578 2547 677 2589 eorum
694 2547 770 2608 quae
788 2529 974 2589 celebrentur
987 2529 1084 2588 iucun-

62 2607 150 2672 ‘dum
166 2629 302 2691 saporem
317 2632 391 2675 uvae
411 2631 488 2674 esse.
520 2614 573 2693 [a]
604 2613 649 2674 Ad
665 2615 778 2674 tertiam
791 2613 913 2692 palmam
929 2613 1008 2674 varie
1030 2631 1079 2671 ve·
1092 2617 1127 2676 64

83 2715 155 2756 nere
172 2696 285 2758 Albana
300 2697 363 2760 urbi
380 2699 490 2774 vicina,
513 2699 679 2776 praedulcia
696 2713 731 2758 ac
747 2715 811 2757 rora
826 2699 855 2756 in
868 2706 1000 2772 austero,
1017 2698 1084 2756 item

45 2800 75 2843 ao
86 2780 254 2843 Surrentina
281 2783 310 2842 in
338 2784 430 2844 vineis
464 2792 570 2842 tantum
601 2783 775 2856 nascentia,
812 2778 1084 2842 convalescentibus

55 2917 59 2924 i
85 2882 215 2926 maxume
238 2867 360 2946 probata
381 2875 503 2946 propter
518 2867 683 2926 tenuitatem
702 2863 967 2943 salubritatemque.
999 2858 1084 2921 Tibe·

85 2949 142 3008 rius
161 2947 270 3010 Cacsar
291 2951 406 3012 dicebat
422 2951 608 3010 consensisse
631 2948 761 3009 medicos
777 2957 807 3008 nt
822 2949 1001 3008 nobilitatem
1017 2946 1084 3004 Sur·

1 3108 2 3112 ¹
84 3033 196 3092 rentino
216 3033 337 3110 darent,
355 3035 463 3114 alioqui
480 3051 546 3093 esse
565 3049 741 3111 generosum
756 3041 879 3093 acetum.
909 3029 995 3090 Gaius
1013 3026 1085 3088 Cae·

86 3135 149 3192 sar,
172 3119 221 3196 qui
236 3121 380 3178 successit
393 3119 452 3194 illi,
476 3117 602 3178 nobilem
616 3133 749 3196 vappam.
778 3123 888 3177 certant
903 3111 1029 3174 llassica
1044 3120 1084 3171 ut·

25 3207 75 3264 ‘ae
87 3218 141 3278 que
164 3217 180 3260 a
201 3210 299 3261 monte
318 3201 413 3263 Gauro
431 3201 570 3262 Puteolos
589 3199 732 3279 Baiasque
753 3199 980 3279 prospectantia.
1019 3203 1127 3260 umet

85 3284 209 3344 Falerno
227 3287 403 3346 contermina
415 3287 531 3346 Statana
547 3284 582 3345 ad
591 3285 783 3364 principatum
794 3299 903 3346 venere
914 3297 971 3340 non
987 3277 1084 3356 dubie,

84 3367 238 3446 palamque
260 3365 362 3429 iecere
389 3386 440 3429 sua
464 3367 625 3448 quibusque
647 3371 733 3428 terris
753 3378 885 3445 tempora
909 3381 993 3440 esse,
1016 3380 1085 3424 suos
1146 3372 1149 3380 ’

83 3469 178 3512 rerum
201 3462 360 3532 proventus
382 3469 574 3532 occasusque.
612 3455 706 3512 iuncta
726 3451 770 3511 his
790 3450 931 3529 praeponi
952 3447 1086 3508 solebant
