2462 3900
313 186 393 232 unu.
410 185 501 234 mrsu.
517 187 593 232 1111.
614 186 638 236 1.
656 185 683 238 n·
700 176 815 256 (2—3').
1004 174 1064 238 233

67 343 124 402 utri
139 339 215 416 mel,
230 308 301 400 salin
312 339 429 415 dorem,
446 340 638 419 omphacium,
653 342 719 418 agni
733 342 815 421 lolia,
827 305 979 422 panacem.
1004 341 1062 402 Ex·
1073 353 1108 408 io
1184 357 1190 370 ³

66 435 151 486 terna
167 427 260 485 omnia
281 433 315 493 et
325 423 495 508 prodigiosa
512 426 719 485 cinnamomino
730 424 832 504 pretia.
865 425 986 486 adicitur
1007 428 1064 486 cin·

66 527 152 570 namo
167 508 330 569 balaninum
348 508 454 584 oleum,
473 508 720 584 xylobalsamum,
739 509 881 584 calamus,
898 511 990 584 iunci,
1003 509 1077 573 bal··

67 596 139 653 sarni
152 583 276 669 sehim,
292 607 404 667 maura,
419 592 477 652 mel
498 592 658 652 odoratum.
691 601 899 670 unguentorum
914 593 971 652 hoo
987 610 1064 653 cras·

41 679 219 737 usissimnm.
250 677 344 754 pretia
359 677 387 734 ei
403 693 419 735 a
433 674 461 734 X
475 689 573 736 xxxv
586 675 621 735 ad
637 674 665 734 X
680 687 752 740 occ.
772 675 927 736 Nardinum
942 677 1005 736 sive
1021 677 1064 736 io·

65 762 164 822 lictum
181 769 295 820 constat
313 759 465 837 omphacio
482 769 530 820 aut
545 759 696 834 balanino,
714 761 821 834 iunco,
838 769 937 835 costo,
960 759 1063 836 nardo,
1123 766 1129 776 *

65 862 196 920 amomo,
213 862 325 920 murra,
350 843 490 909 balsamo.
520 843 552 902 ln
570 843 628 902 hoc
647 861 757 920 genere
781 845 934 902 conveniet
962 845 1060 903 memi-
1073 854 1108 910 lo

64 931 145 990 nisae
157 927 310 988 herborum
328 945 402 1006 quae
416 927 534 988 nardum
547 927 674 988 Indicum
688 929 865 987 imitarentur
877 927 995 1004 speeies
1012 944 1063 986 no-

64 1031 131 1074 vam
156 1031 172 1072 a
193 1011 277 1072 uobis
301 1030 368 1070 esse
391 1011 491 1072 dictas.
523 1019 601 1070 tanta
620 1012 739 1070 materia
761 1008 939 1070 adulterandi
962 1019 1016 1070 est.
1033 1010 1106 1096 ἧς,

26 1115 55 1156 so
66 1099 161 1156 onmia
176 1104 271 1156 antem
288 1097 416 1156 acutiora
434 1095 503 1156 liunt
519 1104 617 1170 costo,
635 1111 762 1169 amomo,
781 1111 855 1172 quae
868 1112 999 1165 maxume
1014 1113 1063 1156 ua-

64 1181 107 1240 ris
128 1180 248 1254 feriunt,
271 1181 415 1240 crassiora
436 1195 530 1238 murra
548 1179 757 1256 suaviumque,
782 1178 943 1238 medicinae
968 1188 1062 1238 autem

64 1264 302 1338 utiliora'oro'eo,
318 1264 527 1340 acerrima‘per
540 1280 574 1322 se
591 1279 711 1322 amomo.
739 1261 796 1322 hoc
814 1271 842 1320 et
863 1263 964 1348 capitis
980 1261 1061 1322 dolo-

64 1366 116 1408 res
135 1347 213 1407 lacit.
243 1347 356 1425 quidam
373 1348 442 1406 satis
465 1345 572 1406 habent
587 1345 770 1423 adspergere
785 1363 859 1423 quae
875 1353 941 1402 suut
956 1347 1064 1422 pretio·

64 1432 179 1492 sissima
196 1432 304 1490 ceteris
319 1431 466 1504 decoctis,
481 1430 617 1514 inpendio
629 1437 799 1506 parcentes,
814 1429 867 1489 sed
884 1445 941 1488 nou
957 1437 1002 1488 est
1017 1445 1064 1488 ea·

24 1534 54 1576 ao
65 1516 133 1577 dem
148 1517 191 1574 ris
212 1515 267 1574 uisi
282 1531 335 1573 una
351 1515 493 1574 decoctis.
522 1512 617 1572 blurra
640 1521 670 1572 et
686 1531 739 1590 per
751 1531 784 1570 se
800 1519 974 1587 unguentum
994 1511 1063 1570 iacit
1075 1519 1108 1574 1t

65 1601 130 1659 sine
141 1599 230 1673 oleo,
248 1607 339 1667 stacta
358 1599 520 1672 dumtaxat,
538 1597 645 1674 alioqui
661 1596 774 1656 nimiam
789 1595 1003 1655 amaritudinem
1017 1593 1064 1657 ad-

62 1683 133 1744 tera
159 1683 280 1760 cyprino
292 1681 383 1742 viride
396 1682 436 1755 lit,
454 1682 551 1742 susino
563 1681 764 1758 anguinosum,
780 1678 929 1739 blandesio
942 1680 1064 1756 nigrum,

62 1766 188 1828 rhodino
206 1759 482 1842 sandidmn,'murra
504 1764 649 1844 pallidum.
682 1763 764 1824 Haeo
782 1772 847 1822 sunt
867 1764 1000 1841 antiquae
1022 1763 1064 1822 in·

63 1847 210 1910 ventionis
222 1867 332 1926 genera
348 1858 377 1908 et
389 1857 493 1928 postea
506 1848 684 1908 cilicinarum
695 1849 779 1909 furta.
805 1865 879 1906 nunc
894 1846 1005 1907 dicetur
1016 1864 1064 1906 cu·

24 1935 160 1997 romulus
174 1935 237 2012 ipse
256 1934 422 1994 deliciarum
439 1943 468 1992 et
481 1949 588 1995 summa
604 1933 760 1992 auctoritas
773 1932 827 1990 rei.

131 2017 160 2095 2.
176 2015 255 2094 Ergo
271 2018 372 2094 regale
389 2027 561 2094 unguentum
582 2017 775 2094 appellatum,
798 2015 931 2090 quoniam
945 2013 1062 2072 Partho·
1073 2022 1109 2076 18

62 2121 129 2162 rum
157 2102 276 2178 regibus
301 2103 340 2160 ita
365 2109 557 2178 temperetur,
590 2106 703 2158 constat
727 2097 935 2170 myrobalano,
969 2104 1063 2170 costo,

63 2203 197 2259 amomo,
219 2186 351 2244 cinnamo
370 2201 506 2258 comaco,
528 2182 727 2261 cardamomo,
752 2179 832 2238 nardi
854 2179 952 2254 spica,
971 2192 1063 2253 maro,

62 2287 179 2343 marra,
194 2271 290 2342 casia,
306 2277 441 2347 styrace,
458 2267 580 2339 ladano,
604 2263 811 2342 opobalsamo,
833 2259 944 2320 calamo
965 2262 1063 2318 iunco·

26 2374 55 2414 aa
66 2371 126 2432 que
145 2353 254 2428 Syriis,
272 2349 433 2426 oenanthe,
449 2348 641 2423 malobathro,
661 2345 817 2418 serichato,
833 2359 935 2421 cypro,
952 2343 1065 2421 aspala-

61 2437 137 2511 tho,
162 2453 290 2513 pausce,
314 2449 420 2509 croco,
444 2435 562 2511 cypiro,
584 2447 734 2505 amaraco,
756 2428 834 2503 loto,
858 2425 962 2502 melle,
985 2428 1062 2485 uino.

61 2519 195 2596 nihilque
210 2521 273 2580 eius
287 2520 330 2578 rei
352 2535 440 2578 cansa
460 2515 583 2576 initalia
603 2516 724 2576 victrice
739 2514 879 2586 omnium,
901 2512 929 2570 iu
944 2507 1064 2590 Europa

61 2619 139 2664 vero
156 2611 216 2662 tota
227 2611 344 2681 praeter
360 2603 422 2662 irim
432 2601 578 2676 Illyricam
595 2608 624 2659 et
635 2598 753 2658 nardum
772 2594 912 2660 Gallicum
927 2596 1063 2672 gignitur.

61 2705 130 2748 narn
151 2687 245 2746 vinnm
266 2695 295 2744 et
317 2703 385 2744 rosa
408 2693 437 2744 et
456 2685 540 2759 myrti
561 2683 631 2743 lolia
655 2682 808 2758 oleumque
826 2682 985 2740 communia
1001 2679 1064 2740 iere

22 2789 51 2832 eo
63 2771 190 2831 omnium
204 2779 344 2830 terrarum
357 2769 569 2846 intellegantur.

22 2899 35 2920 .
130 2853 182 2933 (3)
204 2853 297 2919 Siccis
314 2853 451 2913 odoribus
474 2859 606 2912 constant
621 2852 704 2928 quae
719 2847 895 2926 diapasmata
915 2849 1109 2908 vocantur.19

61 2955 130 3002 narn
145 2937 257 2998 iaeoenr
277 2937 414 3014 unguenti
430 2953 548 3012 magma
563 2932 721 3012 appellant.
760 2933 834 2992 inter
857 2933 948 2992 omnis
964 2938 1065 3008 poten·

60 3022 193 3086 tissimus
211 3021 284 3084 odor
298 3020 426 3099 quisquis
449 3019 605 3078 novissime
625 3015 745 3079 additur.
782 3024 926 3092 unguenta
948 3023 1064 3091 optume
1110 3041 1115 3052 =

62 3113 219 3168 seruantur
230 3107 259 3164 iu
269 3105 433 3178 alabastris,
442 3103 549 3164 odores
561 3104 589 3161 in
600 3101 679 3175 oleo,
692 3099 769 3176 quod
781 3099 955 3160 diuturnitati
967 3113 1065 3156 eorum

22 3199 147 3258 retento
165 3189 261 3250 utilius
278 3198 383 3267 quanto
400 3189 550 3266 pinguius,
571 3195 656 3246 utex
678 3183 847 3260 amygdalis.
879 3181 990 3258 etipsa
1013 3195 1063 3238 un·
1166 3263 1171 3269 l

62 3282 174 3353 guenta
194 3282 337 3332 vetustate
365 3273 496 3333 meliora.
533 3271 579 3330 sol
599 3268 730 3327 inimicus
749 3267 810 3343 his,
832 3263 1018 3344 quamobrem
1036 3264 1066 3322 iu

61 3357 169 3420 umbra
191 3355 350 3418 conduntur
373 3355 516 3434 plumbeis
531 3355 619 3412 uasis.
650 3351 878 3428 experimentum
904 3364 1004 3407 eorum
1023 3348 1064 3406 in·

61 3459 155 3504 versu
171 3457 255 3520 manu
274 3441 401 3518 capitur,
418 3457 454 3498 ne
471 3454 610 3498 carnosae
628 3435 718 3514 partis
734 3433 817 3494 calor
829 3432 920 3495 vitiet.

1212 3387 1225 3420 h
