2444 3910
230 485 233 490 ’
332 483 801 602 orutursncuum

164 671 537 768 lacunatis
589 659 964 818 utantur-ln

408 835 588 905 LIBER
621 835 720 901 VII.

125 1103 222 1180 (Sect.
241 1103 287 1181 1.)
325 1099 445 1164 blundus
465 1103 541 1162 etin
564 1119 600 1162 eo
619 1111 730 1178 terrae,
752 1109 873 1180 gentes,
895 1088 1000 1181 maria,
1024 1107 1063 1166 in·
1075 1121 1091 1176 1

59 1191 163 1267 signes
180 1186 306 1262 insulae,
324 1186 413 1246 urbes
429 1187 464 1248 ad
481 1185 556 1246 bunc
572 1186 732 1249 modumse
747 1186 862 1246 babent.
887 1189 1065 1252 animantium

59 1275 89 1332 in
103 1273 208 1346 eodem
219 1281 320 1332 natura
330 1270 435 1330 nullius
447 1273 642 1350 prope'partis
655 1271 898 1350 contemplatione
907 1274 1000 1334 minor
1010 1285 1064 1354 est,

59 1357 203 1434 siquidem
225 1355 318 1432 omnia
340 1356 461 1433 exsequi
483 1355 623 1417 humanus
642 1357 751 1416 animus
767 1359 863 1433 queat·
895 1359 1066 1437 principium

36 1443 124 1500 siure
137 1439 279 1499 tribuetur
289 1439 396 1500 bomini
404 1483 412 1515 ,
427 1439 508 1500 cuius
521 1457 608 1504 causa
620 1441 734 1500 videtur
746 1449 848 1501 cuncta
860 1439 915 1498 alia
928 1445 1065 1517 genuisse

50 1535 177 1598 matura,
198 1541 300 1600 magua
312 1541 405 1586 saeva
420 1523 556 1584 mercede
576 1533 676 1584 contra
691 1531 768 1584 tanta
783 1541 835 1584 sua
851 1541 984 1601 munera,
1008 1546 1066 1588 non

61 1611 97 1668 sit
113 1617 142 1667 nt
158 1607 228 1667 satis
250 1616 557 1688 aestumare,‚parens
572 1605 676 1670 melior
696 1607 802 1669 bomini
824 1625 861 1666 an
883 1611 993 1670 tristior
1014 1629 1065 1672 no·

1 1706 2 1710 ’
60 1711 150 1754 verca
164 1691 260 1774 fuerit.
290 1691 366 1753 Ante
382 1693 476 1750 omniu
492 1709 576 1752 uuum
588 1694 767 1752 animantium
783 1701 949 1752 cunctorum
964 1693 1093 1760 alienior

61 1777 139 1838 velat
152 1775 267 1854 opibus.
293 1775 400 1836 ceteris
411 1775 490 1836 varie
502 1779 656 1854 tegimenta
669 1775 782 1850 tribuit,
799 1783 907 1852 testas,
927 1781 1064 1857 cortices,

27 1882 51 1922 to
64 1862 179 1940 spinas,
204 1861 298 1934 coria,
317 1859 420 1936 villos,
437 1870 550 1936 saetas,
573 1861 664 1941 pilos,
682 1861 823 1939 plumam,
845 1861 961 1938 pinnas,
980 1880 1063 1944 squa-

62 1964 138 2020 mas,
160 1943 282 2004 vellera.
327 1954 444 2004 truncos
463 1945 548 2004 etiam
571 1945 751 2024 arboresque
772 1945 900 2019 cortice,
924 1947 1066 2008 interdum

61 2030 194 2108 gemino,
218 2047 234 2088 a
251 2027 408 2106 frigoribus
429 2037 459 2088 et
478 2029 577 2090 calore
593 2039 681 2088 tutata
697 2039 751 2090 est.
796 2028 939 2091 bominem
956 2040 1065 2091 tantum

60 2113 165 2174 nudum
180 2122 209 2172 et
230 2114 258 2170 in
279 2113 353 2172 nuda
368 2112 453 2172 humo
470 2113 556 2174 natali
576 2115 622 2174 die
639 2112 725 2173 abicit
740 2112 776 2172 ad
792 2114 904 2190 vagitus
924 2115 1017 2174 statim
1034 2125 1065 2176 et

61 2199 220 2277 ploratum,
243 2197 411 2276 nullumque
427 2206 469 2257 tot
484 2197 644 2258 animalium
660 2195 737 2257 aliud
752 2197 787 2256 ad
803 2196 950 2272 lacrimas,
968 2208 998 2257 et
1013 2200 1065 2259 has

28 2301 51 2343 tt
61 2283 190 2362 protinus
212 2283 288 2341 vitae
305 2283 459 2360 principio.
494 2290 540 2356 at,
563 2279 707 2356 Hercule,
731 2279 805 2338 risus
823 2297 952 2357 praecox
970 2282 1019 2342 ille
1036 2291 1065 2344 et

62 2367 231 2427 celerrimus
254 2374 319 2426 ante
345 2363 594 2444 quadragesimum
617 2363 691 2424 diem
710 2361 782 2434 nulli
803 2362 894 2422 datur.
939 2364 984 2424 Ab
1006 2365 1091 2432 boc3

62 2449 134 2512 lucis
152 2450 313 2510 rudimento
330 2466 404 2530 quae
427 2467 463 2509 ne
481 2448 560 2509 feras
582 2447 696 2528 quidem
713 2449 787 2508 iuter
802 2463 855 2506 nos
872 2449 987 2523 genitas
1003 2451 1063 2510 vin·

63 2535 126 2594 cula
142 2532 289 2612 excipiunt
305 2542 333 2592 et
349 2533 471 2592 omnium
487 2529 676 2592 membrorum
693 2549 801 2606 nexus,
824 2532 922 2610 itaque
939 2533 1065 2602 feliciter

63 2627 142 2680 nattis
160 2619 237 2678 iacet
258 2616 387 2678 manibus
405 2616 587 2696 pedibusque
604 2613 761 2689 devinctis,
784 2613 872 2690 flens,
896 2617 998 2680 animal
1016 2636 1063 2679 ce·

29 2704 131 2762 soteris
153 2703 373 2780 imperaturum,
405 2710 434 2762 et
460 2719 477 2760 a
501 2701 650 2780 suppliciis
670 2702 762 2782 ¹vitam
789 2700 955 2777 auspicatur
980 2721 1066 2766 uuam

63 2795 167 2846 tantum
190 2785 227 2848 ob
256 2785 385 2865 eulpam,
414 2803 470 2864 qua
490 2794 584 2848 natum
611 2795 665 2845 est.
709 2783 766 2848 beu
790 2784 933 2846 dementia
958 2785 994 2846 ab
1019 2787 1063 2848 bis

64 2871 145 2930 initiis
162 2871 390 2932 existumantium
406 2868 442 2929 ad
458 2869 623 2948 superbiam
637 2886 671 2929 se
687 2867 816 2945 genitos!
839 2865 932 2928 Prima
948 2870 1091 2936 roborist

64 2972 131 3034 spes
152 2955 330 3033 primumque
355 2955 492 3032 temporis
513 2971 613 3016 munus
637 2952 806 3036 quadripedi
835 2953 957 3013 similem
982 2954 1059 3014 lacit.

66 3038 175 3116 quando
191 3037 312 3098 bominis
329 3037 477 3100 incessus!
501 3037 615 3116 quando
631 3035 703 3096 vox!
731 3036 846 3116 quando
861 3037 970 3096 firmum
990 3036 1063 3096 cibis

33 3119 110 3182 asos!
138 3123 271 3200 quamdiu
286 3121 430 3200 palpitans
445 3130 564 3196 vertex,
582 3138 708 3183 summae
724 3120 798 3181 inter
814 3127 916 3180 cuncta
932 3119 1063 3180 animalia

65 3205 256 3266 inbecillitatis
269 3215 273 3222 ’
286 3205 434 3284 iudicium!
468 3205 522 3266 iam
541 3204 633 3286 morbi
655 3213 698 3264 tot
726 3214 811 3284 atque
838 3203 997 3267 medicinae
1019 3212 1063 3265 tot

3 3293 5 3354 ζ
66 3299 161 3350 contra
177 3289 251 3350 mala
270 3290 473 3366 excogitatae,
496 3298 524 3350 et
543 3289 598 3351 bae
613 3305 729 3367 quoque
748 3286 869 3350 subinde
889 3287 1062 3350 nouitatibus

64 3374 169 3452 vietae!
187 3383 215 3435 et
227 3382 325 3434 cetera
338 3375 444 3434 sentire
460 3383 588 3437 naturam
601 3391 691 3448 suam,
704 3372 760 3432 alia
772 3373 970 3451 pernicitatem
982 3392 1062 3436 usur·

4 3495 5 3526 t
65 3475 147 3536 pare,
164 3459 218 3518 alia
234 3467 391 3537 praepetes
406 3457 537 3536 volatus,
555 3458 610 3520 alia
625 3475 710 3534 nare,
730 3456 873 3518 bominem
888 3457 958 3520 nibil
974 3460 1060 3537 scire,

4 3531 6 3620 l
106 3562 172 3602 antu.
188 3564 250 3602 uxr.
266 3563 336 3601 ntsr.
352 3547 383 3601 ll.
886 3542 901 3600 1
