2444 3908
133 129 192 193 118
484 143 513 190 c.
537 143 634 190 enum
657 141 807 190 saeuum

133 297 216 356 oleae
239 311 353 374 quoquc
375 295 471 356 altiles
486 313 607 372 ganeam
627 295 789 370 inplerent,
812 295 893 352 cuius
909 294 977 352 artis
995 293 1089 369 gloria
1111 296 1141 354 in

133 399 197 440 eam
210 381 430 458 magnitudinem
447 380 587 458 perducta
613 379 649 436 sit
672 387 701 436 ut
723 379 871 453 octoginta
900 377 1066 454 quadrantis
1088 397 1139 438 ca-

132 474 235 543 perent
250 464 424 540 singularum
441 463 559 522 calices.
591 471 692 521 auctor
708 470 752 535 est
767 460 805 520 Μ.
822 461 925 521 Varro.
1026 475 1029 486 ·

90 556 141 612 175
213 549 263 608 57.
282 547 365 627 (83.)
385 548 507 606 Piscium
518 563 628 622 genera
646 547 829 606 etiamnuma
846 544 1050 622 Theophrasto
1065 548 1138 605 mira
1201 577 1209 607 υ

133 633 301 711 produntur.
320 633 398 691 circa
412 630 570 706 Babylonis
585 631 668 706 rigua
690 629 899 691 decedentibus
917 629 1011 688 fluviis
1035 631 1065 688 in
1087 649 1160 695 eas

132 718 228 775 vernis
252 733 341 792 aquas
364 715 535 774 habentibus
557 731 708 774 remanere
736 714 892 792 quosdam,
910 713 976 772 inde
996 714 1079 773 exire
1101 715 1137 774 ad

133 799 238 878 pabula
259 799 383 877 pinnulis
408 798 566 874 gradientis
589 798 694 858 crebro
723 798 832 858 caudae
855 805 949 871 motu,
975 807 1138 876 contraque

132 884 262 944 venantis
284 883 422 958 refugere
444 884 472 940 in
493 901 559 944 suas
582 901 721 942 cavernas
743 884 816 940 etin
837 882 873 940 iis
887 881 1031 941 obversos
1044 892 1136 956 stare,

133 969 228 1045 capita
244 983 343 1025 eorum
358 984 425 1024 esse
437 984 524 1026 ranae
540 969 665 1026 marinae
687 967 806 1042 similia,
824 965 951 1044 reliquas
970 967 1060 1043 partis
1081 983 1136 1041 go·

90 1052 274 1124 ltobionnm,
292 1049 446 1110 branchias
461 1059 492 1109 ut
515 1052 621 1110 ceteris
636 1050 774 1129 piscibus.
809 1048 893 1109 Circa
915 1048 1089 1111 Heracleam
1100 1060 1136 1109 ‚et
1148 1061 1170 1100 tt

134 1132 285 1193 Cromnam
301 1143 330 1192 et
343 1132 450 1209 Lycum
468 1144 498 1195 et
513 1135 699 1196 multifariam·
709 1135 737 1192 in
752 1134 844 1195 Ponto
861 1151 944 1192 unum
959 1153 1052 1210 genus
1069 1153 1139 1193 esse

134 1217 211 1295 quod
234 1227 377 1277 extremas
399 1219 541 1278 lluminnm
557 1237 646 1297 aquas
662 1228 791 1279 sectetur
807 1236 1005 1297 cavernasque
1022 1218 1080 1278 sibi
1096 1219 1137 1278 fa-

134 1302 190 1361 ciat
212 1302 240 1360 in
260 1312 337 1362 terra
364 1311 450 1380 atque
466 1305 495 1364 in
515 1304 560 1363 his
582 1305 677 1377 vivat,
690 1341 696 1350 -
709 1305 794 1362 etiam
822 1304 983 1380 reciprocis
1006 1303 1137 1362 amnibus

134 1388 244 1445 siccato
260 1386 355 1463 litore,
374 1387 461 1447 effodi
477 1405 549 1464 ergo
566 1377 643 1446 'motu
660 1387 773 1446 demum
792 1404 947 1464 corporum
961 1387 1063 1446 vivere
1084 1405 1137 1446 eos

90 1477 142 1532 177
151 1471 340 1549 adprobante.
364 1473 442 1532 circa
454 1471 625 1532 Heracleam
644 1471 765 1532 eandem
781 1471 944 1548 eodemque·
955 1468 1035 1544 Lyco
1052 1481 1168 1550 amneps

133 1552 296 1614 decedente
319 1556 381 1613 ovis
400 1555 511 1614 relictis
528 1557 555 1613 in
571 1556 638 1614 limo
653 1556 789 1632 generari
809 1556 898 1634 piscis
915 1555 963 1634 qui
979 1556 1014 1614 ad
1030 1555 1137 1632 pabula

134 1637 257 1713 petenda
286 1638 427 1714 palpitent
457 1640 569 1714 exiguis
591 1639 752 1713 branchiis,
782 1633 839 1715 quo
862 1639 924 1698 fieri
947 1656 1004 1696 non
1021 1638 1136 1716 indigos

97 1718 102 1728 '
134 1721 255 1793 umoris,
278 1730 400 1800 propter
421 1722 499 1799 quod
519 1733 549 1781 et
570 1723 711 1798 anguillas
734 1725 837 1784 diutins
859 1724 959 1782 vivere
982 1733 1136 1801 exemptas

134 1804 226 1880 aquis,
246 1820 300 1866 ova
317 1814 410 1863 autem
429 1807 457 1864 in
473 1807 554 1865 sicco
577 1808 711 1866 maturari
728 1817 757 1866 ut
772 1807 954 1866 testudinum.
989 1808 1092 1866 eadem
1108 1809 1135 1865 in

133 1885 214 1945 Ponti
232 1888 353 1964 regione
379 1888 555 1966 adprehendi
577 1891 671 1966 glacie
695 1892 816 1968 piscium
834 1909 967 1952 maxume
987 1891 1168 1967 gobionesao

92 1977 208 2033 litinon
231 1972 286 2029 nisi
301 1973 460 2050 patinarum
484 1975 583 2034 calore
606 1974 722 2033 vitalem
745 1985 851 2034 motum
873 1975 999 2036 latentis.
1034 1974 1088 2033 Est
1109 1978 1137 2034 in

134 2053 178 2114 his
195 2056 320 2133 quidem,
337 2059 449 2118 tametsi
465 2057 619 2134 mirabilis,
643 2068 738 2120 tamen
754 2059 850 2137 aliqua
865 2061 949 2119 ratio.
986 2059 1064 2118 idem
1081 2069 1136 2118 tra-

133 2139 173 2199 dit
194 2141 221 2198 in
241 2140 437 2220 Paphlagonia
467 2141 554 2202 effodi
586 2143 674 2220 piscis
699 2144 879 2220 gratissimos
901 2143 972 2202 cibis
1001 2153 1136 2202 terrenos

132 2222 196 2283 altis
218 2225 372 2286 scrobibus
393 2227 421 2285 in
438 2227 482 2286 his
506 2227 580 2287 locis
602 2225 650 2286 ubi
665 2227 761 2286 nullae
777 2236 948 2304 restagnent
962 2244 1068 2304 aquae,
1086 2229 1134 2285 mi·

130 2315 268 2387 ratusque
285 2320 314 2371 et
330 2312 393 2388 ipse
408 2313 488 2388 gigni
506 2312 567 2372 sine
584 2313 673 2385 coitu,
686 2313 793 2372 umoris
809 2311 924 2389 quidem
940 2312 996 2370 vim
1008 2311 1133 2389 aliquam
1143 2325 1165 2366 as

134 2393 232 2452 inesse
253 2412 336 2471 quam
359 2396 468 2470 puteis,
497 2413 551 2454 oen
572 2412 643 2454 vero
665 2397 694 2452 in
725 2394 792 2454 ullis
817 2397 1000 2474 reperiantur
1025 2396 1134 2472 pisces.

133 2473 277 2552 Quidquid
295 2487 340 2535 est
356 2477 424 2551 hoc,
442 2487 522 2536 certe
539 2481 629 2537 minus
642 2478 839 2538 admirabilem
852 2489 881 2538 et
893 2481 979 2538 vitam
995 2479 1135 2556 talparum

132 2557 202 2615 iacit
215 2560 274 2617 vita
292 2559 473 2618 subterranei
489 2563 630 2636 animalis,
647 2562 701 2622 nisi
714 2563 790 2624 lorte
803 2564 940 2622 vermium
953 2572 1134 2624 terrenorum

132 2639 220 2700 ethis
238 2641 368 2718 piscihus
384 2652 483 2702 natura
499 2645 584 2704 inest.

89 2730 140 2786 179
210 2721 260 2783 58.
278 2724 361 2804 (8-4.)
384 2726 492 2788 Verum
515 2730 646 2790 omnibus
666 2731 711 2790 his
732 2731 818 2792 fidem
831 2720 897 2790 ltili
920 2731 1067 2790 inundatio
1085 2731 1164 2790 ad·³⁰
1205 2727 1209 2734 ”

130 2808 188 2867 lert
204 2809 297 2868 omnia
314 2811 476 2872 exscedente
486 2815 635 2876 miraculo.
664 2817 772 2898 qnippe
789 2817 944 2892 detegente
962 2833 999 2874 eo
1012 2815 1134 2874 musculi
1183 2849 1185 2851 -

129 2895 312 2972 reperiuntur
333 2895 468 2956 inchoato
494 2917 585 2976 opere
612 2900 748 2976 genitalis
769 2918 862 2978 aquae
884 2909 1058 2977 terraeque,
1081 2900 1135 2957 iam
1164 2933 1166 2942 ‚

131 2988 214 3056 parte
233 2980 365 3056 corporis
383 2982 515 3042 viventes
534 2985 689 3044 novissima
702 2985 802 3060 effigie
817 2985 969 3044 etiamnum
984 2993 1112 3043 terrena.

89 3070 140 3124 180
210 3063 259 3123 59.
275 3061 358 3140 (85.)
381 3063 446 3123 Neo
463 3065 499 3124 de
514 3068 610 3128 anthia
627 3069 708 3146 pisce
725 3068 805 3128 sileri
824 3071 965 3128 convenit
976 3085 1051 3146 quae
1070 3067 1132 3147 plo·

88 3165 260 3225 porrosque
284 3146 404 3207 adverto
436 3151 605 3220 credidisse.
656 3151 842 3212 Chelidonias
871 3152 979 3213 insulas
1010 3151 1165 3215 diximusu

130 3228 218 3289 Asiae
231 3232 370 3310 scopulos
383 3235 501 3294 inmanis
514 3244 579 3294 ante
591 3238 819 3314 promontorium
829 3238 908 3298 sitas.
941 3235 980 3296 ibi
991 3235 1132 3312 ireqnens

129 3309 175 3369 hio
191 3315 280 3390 piscis
301 3325 329 3374 et
345 3316 482 3376 celeriter
500 3323 610 3396 capitur
625 3339 680 3380 uno
696 3339 816 3398 genere.
845 3338 939 3399 ‚parvo
963 3321 1080 3396 navigio
1104 3327 1132 3377 et

131 3396 280 3484 concolori
307 3410 389 3460 veste
411 3401 570 3480 eademqne
593 3404 664 3465 hora
687 3424 740 3484 per
765 3405 875 3483 aliquot
897 3406 961 3466 dies
978 3405 1131 3464 continuos
