2462 3900
988 155 1002 186 Q

326 210 406 257 nnn.
422 209 514 262 uren.
530 208 619 261 xrrn.
637 211 660 262 1.
678 201 797 278 (1-3.)
1005 199 1067 262 255

68 363 153 426 cibus
168 363 306 426 subdialis
320 363 561 430 inambulationes
576 365 720 429 umbrosis
735 362 865 443 pergulis
881 377 1002 446 opacat,
1021 387 1068 429 ea·
1160 435 1163 446 ¹

46 488 48 492 -
66 447 133 510 dem
146 444 286 511 duodenis
297 449 381 510 musti
396 447 541 528 amphoris
555 449 688 514 fecunda.
715 448 817 512 Ulmcs
831 450 947 528 quidem
957 451 1064 531 ubique
1077 465 1109 518 ln

12 547 14 551 ·
66 541 259 610 exsuperant,
276 532 463 612 miratumque
480 532 656 594 altitudinem
673 551 771 596 aarum
782 533 899 594 Ariciae
914 534 1009 596 ierant
1024 537 1066 598 le-

65 625 164 694 gatum
174 618 254 694 regis
261 614 362 692 Pyrrhi
369 613 479 694 Cineas
488 617 584 680 lucete
594 617 700 680 lusisse
712 617 741 676 iu
752 619 947 683 austeriorem,
955 628 1067 695 gustum

29 717 52 764 s
65 701 143 776 vini,
158 700 261 760 merito
276 708 397 768 matrem
411 701 473 762 eius
486 701 615 780 pendere
627 702 656 760 in
668 710 724 764 tam
738 701 795 762 alta
810 719 907 765 cruce.
940 701 1076 779 Rumpe«x

64 785 141 844 tinus
150 793 271 848 vocatur
286 793 315 846 et
330 784 387 845 aliu
398 785 514 848 nomine
527 785 631 864 opulus
645 785 734 846 arbor
744 784 844 848 ltaliae
856 785 963 846 Padurn
976 795 1066 846 mans·

65 869 197 945 gressis,
226 869 308 928 cuius
333 867 460 929 tabulata
482 871 511 930 in
533 869 635 940 orbem
657 869 759 948 'petala
791 869 906 947 replent
933 887 1067 948 puroque

64 952 225 1033 perductae
248 953 375 1017 dracoue
392 953 422 1012 in
446 952 570 1030 palmam
594 954 657 1014 eius
677 953 743 1018 iude
759 953 788 1014 in
803 953 957 1015 subrectus
971 971 1064 1016 ramo

63 1054 127 1100 rum
153 1036 259 1112 digitos
284 1036 402 1113 flagella
427 1035 605 1116 dispergunt
651 1035 780 1102 menen
804 1035 911 1101 modici
939 1038 1061 1098 bonnnis
1074 1048 1109 1102 13

28 1142 54 1182 rc
65 1117 215 1182 altitudine
242 1119 462 1182 adminiculatae
482 1121 601 1184 sudibus
622 1120 743 1185 herrant
765 1123 936 1200 vineamque
958 1122 1067 1184 faciunt

1 1263 2 1284 ,
64 1203 174 1264 etalea
191 1203 314 1282 inprobo
336 1213 450 1282 reptatu
470 1206 726 1284 pampinorumque
742 1223 796 1283 per
810 1207 951 1283 parietum
964 1206 1065 1266 damur

1 1347 2 1360 ,
63 1289 197 1348 discursu
212 1289 283 1350 atria
294 1287 581 1367 mediaeunplentes.
601 1288 849 1354 ‘lot-differentias
861 1289 909 1348 vel
926 1289 990 1350 sola
1004 1299 1064 1349 tan·
1099 1315 1102 1322 ·

1 1367 2 1446 J
63 1381 122 1434 tum
138 1369 221 1432 ltnlia
241 1372 355 1454 recipit,
386 1381 442 1434 stat
464 1373 676 1453 prouinciarum
697 1373 857 1450 aliquarum
871 1389 925 1450 per
942 1391 976 1434 se
998 1375 1064 1433 vitis
1178 1373 1185 1382 '

64 1457 128 1517 sine
146 1454 207 1518 ullo
224 1455 414 1534 pedamento,
434 1474 609 1524 arcussues
624 1457 652 1516 ia
668 1475 700 1516 se
717 1455 862 1533 colligens
876 1465 908 1538 et
921 1457 1063 1518 brevitate
1161 1461 1166 1469 '

26 1558 53 1600 15
65 1538 286 1600 crassitudinem
301 1557 434 1620 pascens.
467 1549 565 1600 vetant
579 1538 739 1602 boe’afiubi
753 1539 848 1615 venti,
870 1548 901 1598 ut
916 1543 947 1600 in
962 1540 1062 1600 hfrica
1073 1548 1106 1604 14

63 1633 94 1683 et
116 1621 312 1687 Narbonensis
334 1624 501 1702 provinciae
522 1623 662 1702 partibus.
697 1641 874 1687 excrescere
896 1623 970 1686 ultra
994 1641 1063 1684 suos

1 1689 2 1724 ¹
61 1706 190 1787 pollices
211 1705 374 1786 prohibitae
396 1725 570 1786 semperque
593 1704 752 1786 pastinatis
770 1707 882 1768 similes
907 1708 1063 1768 herbarum

1 1774 2 1809 ¹
61 1791 150 1850 modo
166 1800 307 1868 vagantur
322 1809 376 1870 per
390 1809 460 1852 arva
474 1810 510 1856 nc
524 1810 623 1855 sunum
637 1801 734 1853 terrae
749 1793 856 1870 passim
873 1793 937 1852 uris
951 1791 1063 1868 bibunt,
1120 1826 1122 1840 ι

65 1893 140 1954 quae
151 1872 188 1936 ch
200 1874 228 1937 id
238 1875 461 1952 magnitudinem
467 1876 614 1938 infantium
625 1893 782 1956 puerorum
791 1877 820 1938 in
830 1877 968 1938 interiore
981 1885 1063 1956 parte

24 1979 53 2021 no
64 1959 184 2020 Africae
196 1969 380 2037 exsuperant.
402 1961 468 2020 vina
479 1977 535 2020 non
549 1960 617 2022 alibi
635 1962 778 2035 tristiora,
792 1961 845 2020 sed
859 1979 915 2024 uva
925 1978 982 2021 non
995 1959 1064 2022 alibi
1117 1961 1122 1968 “

1 2025 2 2056 ¹
62 2044 176 2122 gratior
196 2043 289 2119 callo,
317 2043 393 2105 unde
416 2045 510 2122 possit
531 2045 677 2104 invenisse
705 2061 810 2104 nomeu
836 2045 925 2104 durus
951 2045 1060 2106 acinus

1 2125 3 2206 f
37 2135 186 2216 (iramque
208 2146 318 2204 genera
339 2127 547 2204 magnitudine,
569 2127 685 2200 colora,
705 2125 858 2204 saporibus
882 2128 957 2188 acini
979 2129 1058 2188 innu·
1071 2137 1108 2192 lu

62 2229 145 2272 mera
162 2211 312 2274 etiamnum
326 2210 550 2288 multiplicantur
564 2211 641 2268 vino.
671 2208 719 2268 bic
736 2225 883 2287 purpureo
900 2210 997 2270 lucent
1012 2228 1061 2270 co·

62 2298 146 2370 lonc,
164 2295 226 2356 illic
241 2295 352 2372 fulgent
365 2310 455 2354 roseo
472 2294 618 2372 nitentque
634 2293 728 2353 viridi.
761 2293 914 2352 candicans
929 2294 1003 2353 enirn
1020 2295 1061 2354 ni·

1 2397 177 2459 aegerque
202 2379 350 2458 volgares.
389 2387 497 2440 tument
520 2395 592 2438 vero
617 2394 799 2438 mammarum
821 2375 907 2438 modo
928 2377 1060 2454 bumasti,

1 2461 2 2476 ³
61 2463 234 2546 praelongis
255 2462 361 2539 dactyli
377 2463 561 2543 porriguntur
582 2463 680 2524 acinis.
709 2470 755 2522 est
769 2470 798 2522 et
817 2459 868 2520 illa
881 2470 1001 2522 naturae
1020 2463 1069 2524 lu·v

61 2548 155 2614 sciria
168 2555 197 2606 ut
208 2547 434 2624 praegrandibus
447 2545 621 2609 adhaereant
632 2547 725 2624 parvi,
737 2547 831 2619 mites,
844 2547 984 2606 suavhute
998 2564 1061 2606 cer·

1 2707 2 2714 ¹
59 2641 177 2705 tentes,
198 2629 410 2708 leptorrhaqas
423 2629 474 2691 bas
490 2640 603 2692 vocant.
634 2630 744 2692 Durent
763 2630 837 2690 aliae
859 2647 913 2708 per
934 2629 1056 2709 hiemes,
1070 2640 1103 2696 16

61 2713 170 2796 pensili
186 2723 403 2776 concamaratae
421 2715 507 2780 node.
541 2715 615 2776 aliae
637 2716 665 2774 in
690 2732 741 2776 sua
759 2723 865 2774 tanturn
881 2716 1062 2777 continentur

1 2803 2 2810 ’
26 2824 53 2866 m
63 2802 159 2861 anima
175 2799 242 2862 ollis
258 2796 392 2860 fictilibus
410 2808 439 2860 et
452 2799 569 2878 insuper
584 2798 668 2860 doliis
684 2798 830 2872 inclusae,
847 2799 970 2878 stipatae
983 2801 1061 2860 mna-

62 2885 126 2946 eeis
143 2881 428 2947 circumsudantibns.
455 2883 519 2946 aliis
533 2883 653 2960 gratiam
668 2884 716 2959 qui
732 2891 761 2940 et
772 2883 844 2940 vinis
858 2883 951 2943 fumus
967 2883 1062 2942 adfert
1081 2937 1084 2950 κ

60 2967 185 3030 febrilis.
215 2987 289 3047 qnae
310 2969 340 3028 in
361 2985 396 3030 ea
413 2967 507 3045 gloria
530 2967 686 3045 praecipua
704 2966 731 3024 iu
747 2965 916 3028 fornacibus
929 2964 1060 3042 Africae,

61 3051 162 3114 'liberi
187 3051 320 3115 Caesaris
342 3051 499 3114 auctoritas
524 3049 611 3110 iecit..
647 3055 713 3110 unte
738 3067 804 3110 eum
826 3049 967 3120 Raecius,
982 3049 1064 3126 prior

61 3137 248 3199 messuerat
269 3155 285 3197 e
306 3135 383 3196 villis
398 3133 618 3196 Verozrriansium
639 3133 738 3211 agnon
754 3133 821 3212 quin
841 3142 872 3194 ct
892 3131 1060 3209 apatientia

23 3229 169 3288 unomen
186 3219 274 3282 acinis
290 3217 372 3281 datur
387 3219 491 3296 passis.
524 3214 690 3278 Gunduntur
705 3227 734 3280 et
748 3226 842 3279 musto
856 3233 947 3290 uvae,
961 3215 1056 3292 ipsae·
1067 3223 1102 3279 17
1128 3269 1129 3272 ,

62 3323 122 3386 que
133 3305 200 3364 vino
217 3318 268 3362 suo
283 3299 467 3362 inebriantur.
493 3287 719 3362 aliaedecoctae
733 3302 763 3365 iu
774 3309 866 3364 musto
879 3298 1059 3376 dulcescunt,

61 3389 140 3450 aliae
159 3404 230 3446 vero
247 3385 380 3446 subolem
395 3403 498 3446 novom
516 3387 545 3444 in
560 3386 623 3463 ipsa
643 3395 734 3446 matre
754 3391 923 3463 exspectent
942 3381 1058 3444 traluci-

61 3474 119 3535 dae
136 3473 228 3548 vitro,
245 3469 379 3550 additque
394 3471 483 3532 acinis
497 3468 617 3532 eandem
630 3487 717 3548 quum
732 3469 760 3533 in
774 3467 858 3530 deliis
874 3465 1058 3546 amphorisve

1 1511 3 1546 l

1 1859 3 1894 l
