2444 3908
160 133 202 198 86
503 141 533 190 c.
554 141 650 188 ruini
672 139 823 187 suenum

161 299 216 362 bus
231 298 366 371 volvont,
388 304 419 358 et
434 295 507 356 alias
526 303 605 356 tanta
621 295 793 370 thynnorum
806 293 1006 369 multitudine,
1034 303 1068 354 nt
1081 293 1190 372 Magni

162 382 324 451 Alexandri
350 381 452 440 classis
478 379 546 442 baut
567 379 624 438 alio
644 379 730 440 modo
744 397 832 458 qutun
849 379 974 440 bostium
997 379 1072 438 acie
1096 378 1191 438 obvia

164 468 338 528 contrarium
352 482 457 542 agmen
470 464 594 524 adversa
610 463 706 523 fronte
721 464 871 524 direxerit.
895 463 988 524 aliter·
996 463 1110 524 sarisis
1124 481 1188 522 nnn

160 561 227 612 ,erat
253 550 391 611 euadere.
440 565 499 610 non
519 565 613 622 voce,
636 565 694 608 non
717 549 832 620 sonitu,
863 565 922 608 non
945 548 1023 608 ictus
1058 547 1188 624 fragore

134 643 318 709 bterrentum
335 652 392 693 nec
405 633 459 692 nisi
475 634 555 692 ruina
571 631 729 694 turbantur.
768 630 879 692 Gadara
895 630 1074 710 appellatur
1089 631 1206 695 Rubrii

163 721 248 780 maris
266 717 436 797 paeninsula
452 718 565 793 ingens.
598 716 680 776 buius
699 716 816 779 obiectu
828 725 927 776 vastus
944 714 1084 775 efficitur
1101 718 1184 776 sinns

163 803 316 864 duodecim
344 801 454 861 dierum
476 810 504 860 et
519 801 644 862 noctium
665 801 787 877 remigio
808 802 977 878 enavigatas
998 799 1182 860 Ptolemaeo

162 889 238 964 regi,
256 885 370 965 quando
394 885 499 945 nullius
523 903 609 945 aurae
627 885 732 964 recipit
752 884 858 951 datum.
892 884 974 944 buius
993 884 1060 944 ioci
1081 885 1183 964 quiete

164 971 323 1050 praecipue
355 968 390 1028 ad
418 966 584 1029 inmobilem
606 969 827 1046 magnitudinem
852 967 958 1028 beluae
984 968 1178 1028 adulescunt

134 1053 314 1118 tiledrosos
330 1055 378 1131 qni
394 1051 512 1116 Arabim
528 1072 638 1117 amnem
654 1053 789 1115 adcoiunt
804 1053 963 1131 Alexandri
978 1051 1088 1130 Magni
1106 1053 1206 1112 ciaet

163 1139 236 1197 sium
256 1136 399 1215 praetecti
415 1138 604 1216 prodiderunt
619 1139 647 1196 in
669 1137 800 1198 domibus
819 1138 900 1198 iores
917 1134 1047 1197 maxillis
1077 1136 1179 1198 belum

162 1221 357 1297 nonfacere,
382 1221 498 1282 ossibus
519 1231 596 1285 tecta
611 1223 796 1299 contignare,
819 1241 857 1282 er
873 1221 975 1301 quibus
989 1221 1089 1282 multa
1110 1240 1177 1300 qua·

163 1305 321 1384 dragenum
341 1305 501 1366 cubitorum
517 1306 702 1383 longitudinis
722 1315 849 1383 reperta.
887 1315 995 1366 exeunt
1020 1314 1052 1364 et
1073 1307 1177 1384 pecori

163 1391 272 1450 similes
290 1389 397 1452 beluae
419 1390 457 1449 ibi
480 1391 508 1448 in
531 1399 637 1450 terram
653 1398 814 1470 pastaeque
833 1390 949 1452 radices
970 1389 1116 1450 trutinam
1132 1407 1174 1450 rc-

162 1484 268 1550 meant,
286 1483 315 1533 st
331 1474 472 1552 quaedam
489 1491 645 1554 equorum,
670 1475 830 1550 asinorum,
854 1483 999 1535 taurorum
1024 1474 1201 1552 capitibnsn

164 1573 239 1634 quae
261 1557 455 1635 depascuntur
470 1565 542 1616 sata.
640 1621 641 1630 χ

122 1645 153 1700 ,8
226 1640 256 1698 4.
279 1639 342 1718 (3.)
365 1638 526 1702 Maxumum
547 1642 650 1702 animal
673 1644 702 1700 in
730 1640 828 1705 indico
844 1641 914 1704 mari
947 1641 1047 1718 pristis
1069 1651 1104 1702 et
1125 1641 1171 1703 ba-

163 1722 249 1782 laena
269 1733 331 1798 ost,
362 1725 391 1781 in
412 1723 524 1784 Gallico
553 1742 665 1786 oceano
691 1725 832 1803 physeter
863 1725 986 1802 ingentis
1014 1725 1171 1787 columnae

162 1806 248 1866 modo
273 1824 306 1866 se
326 1806 463 1867 attollens
487 1808 628 1887 altiorque
651 1811 763 1872 navium
785 1811 861 1870 velis
876 1809 1011 1870 diluviem
1027 1810 1171 1887 quandam

164 1898 310 1965 eructans,
327 1893 356 1950 in
374 1889 513 1952 Gaditano
532 1910 643 1954 oceano
660 1893 747 1953 arbor
763 1896 791 1956 in
806 1903 913 1954 tantum
924 1894 1013 1955 vastis
1031 1893 1197 1972 dispansa·

162 1974 249 2035 ramis
283 1984 313 2034 ut
336 1993 373 2035 ex
397 1993 432 2035 ea
454 1993 543 2037 causa
567 1977 672 2042 fretum
696 1997 847 2056 numquam
870 1979 994 2040 intrasse
1021 1979 1170 2044 credatm.

163 2056 303 2135 adparent
320 2067 350 2118 et
364 2068 447 2122 rotae
461 2060 631 2138 appellatae
645 2079 661 2122 a
675 2063 877 2136 similitudine,
903 2061 1170 2140 quaternionum-

162 2149 227 2286 qtae
241 2141 355 2286 podiis,
376 2143 521 2220 modiolos
550 2141 647 2206 earum
673 2145 766 2206 oculis
784 2145 894 2208 duobus
921 2145 1067 2222 utrimque
1093 2147 1169 2208 clau·

182 2227 239 2286 enti
262 2245 305 2288 us.
835 2265 837 2276 ·
965 2275 970 2278 .

132 2317 150 2371 9
230 2311 259 2370 5.
284 2312 348 2390 (4.)
373 2312 491 2375 Tiberio
501 2314 626 2392 principi
640 2313 777 2374 nuntiauit
793 2311 1040 2392 Olisiponensium
1058 2312 1194 2390 iegatiott

162 2393 199 2454 ob
216 2395 245 2454 id
263 2397 350 2456 missa
364 2397 456 2457 visum
479 2397 662 2476 auditumque
687 2399 715 2456 in
733 2397 858 2474 quodam
879 2413 971 2474 specu
988 2397 1108 2457 concba
1127 2416 1169 2461 oa·-

161 2486 278 2536 nentem
293 2477 440 2540 Tritonem
456 2497 513 2556 qua
528 2483 658 2543 noscitur
670 2481 772 2542 forma.
804 2490 833 2540 et
848 2479 1004 2540 Nereidum
1021 2479 1102 2552 falsa
1117 2499 1171 2544 nort

163 2567 218 2632 est,
236 2561 362 2636 squamis
377 2562 462 2622 modo
481 2561 595 2640 hispido
612 2583 738 2644 corpore
755 2565 840 2625 etiam
862 2583 918 2642 qua
934 2563 1089 2624 humanam
1109 2565 1170 2624 cii·

161 2642 239 2718 giem
259 2641 375 2705 babent.
419 2663 541 2723 namque
564 2645 638 2708 baec
658 2651 688 2711 in
708 2649 812 2710 eodem
837 2657 971 2726 spectata
998 2647 1088 2708 litore
1116 2658 1170 2723 est,

163 2725 401 2789 cuiusmorientis
410 2731 651 2808 etinmgannitum
658 2733 768 2792 tristem
780 2733 904 2792 adcolae
916 2732 1056 2792 audivere
1066 2732 1193 2810 longer

163 2819 192 2868 et
207 2810 273 2870 divo
289 2808 420 2887 Augusto
436 2814 552 2892 legatus
568 2813 680 2876 Galliae
697 2817 845 2895 conpluris
858 2815 1169 2894 inlitoreadpnnerc

118 2903 154 2962 lo
161 2895 299 2956 exanimis
316 2893 459 2960 Nereidas
480 2900 606 2979 scripsit.
641 2899 787 2966 ductores
803 2899 898 2963 babeo
915 2901 944 2963 in
968 2902 1110 2978 equestri
1125 2918 1167 2960 or

160 2977 226 3040 dinc
249 2977 427 3058 splendentis
444 2984 536 3044 visum
557 2983 594 3043 ab
617 2985 661 3046 bis
686 2986 714 3056 in
729 2984 870 3046 Gaditano
892 3001 1006 3044 oceano
1025 2987 1169 3052 >marinum

159 3062 304 3142 bominem
320 3072 382 3123 toto
401 3061 526 3145 corpore
542 3066 880 3132 absoluta-sbuilitudiue.
903 3067 1091 3128 adscendere
1106 3085 1167 3131 en·

159 3149 274 3226 navigia
291 3151 439 3218 nocturnis
457 3152 637 3230 temporibus
653 3155 807 3232 statimque
823 3153 977 3230 degravari
987 3153 989 3158 ’
1000 3169 1077 3229 quas
1092 3155 1191 3220 imas

161 3231 235 3292 derit
257 3234 348 3312 partis
363 3242 403 3310 et,
425 3235 450 3296 si
466 3235 571 3296 diutius
588 3246 772 3314 permaneat,
801 3239 887 3298 etiam
910 3237 1012 3313 mergi.
1048 3235 1165 3301 Tiberio

161 3314 292 3395 principe
313 3326 413 3380 contra
429 3317 630 3396 Lugdunensis
644 3322 813 3399 provinciae
834 3322 901 3382 litus
917 3321 946 3380 in
966 3321 1066 3382 rmuta-
1084 3317 1164 3391 simul

159 3404 304 3462 trecentas
320 3403 442 3482 amplius
459 3403 563 3466 beluas
581 3405 770 3484 reciprocans
786 3405 916 3468 destituit
927 3423 1063 3475 oceanus
1076 3405 1163 3467 mirac
