2462 3900
246 158 249 168 ι
294 207 591 257 nnn.a1sr.xrrur.
612 201 715 258 1617
739 195 820 258 (19—
832 190 892 274 ιι)
937 189 941 199 ’
1012 191 1071 252 271

37 362 136 424 oda
160 361 236 443 apud
251 360 324 422 alios
336 327 416 422 nardi
430 371 460 422 et
474 361 646 424 malobathri
659 359 799 445 selibris'
790 379 820 422 m
835 361 919 422 musti
930 335 1055 440 congios
1067 369 1119 428 108

64 448 141 508 dnos
157 445 277 521 additis,
295 446 391 526 qualia
406 465 481 506 nunc
496 463 614 526 quoque
625 446 734 506 liunt
705 436 809 525 pipere
822 454 852 506 et
865 445 954 506 melle
966 446 1074 523 addito,

65 549 143 612 quae
160 531 208 590 alii
227 529 351 605 condita,
364 531 411 590 alii
424 532 556 630 piperata
567 530 728 608 appellant.
750 529 905 590 invenitur
907 538 936 588 et
950 533 1073 590 nectari·
1139 577 1142 586 .

64 623 112 674 tes
130 633 167 674 ex
183 613 275 674 herba
290 632 374 694 quam
391 609 439 674 alii
454 614 611 690 helanion,
631 612 851 688 aliibledicam,
874 613 922 674 alii
939 614 1074 691 symphy-

41 709 133 775 ston,
150 699 198 758 alii
214 697 339 798 idaeam,
357 699 405 759 alii
422 697 575 774 Orestion,
595 697 812 760 aliineotariam
832 707 954 774 vocant,
976 698 1076 758 radica

66 781 257 862 ponderisX.
275 797 297 842 ι
311 785 339 842 ιι
362 785 506 844 sextarios
521 803 579 844 sex
600 784 685 847 matti
700 765 795 845 addita
820 783 980 845 similiter·
972 798 1000 842 ιιι
1022 781 1073 841 lin-

65 877 124 927 teo.
151 885 188 925 ex
211 867 318 926 ceteris
336 868 435 928 herbis
458 869 487 928 lit
509 867 703 928 absinthites
695 885 724 926 m
746 881 802 928 ιιι
815 867 950 928 sextariis
968 867 1052 926 musti
1065 877 1117 930 109

66 950 190 1012 absinthi
212 950 324 1012 Pontici
345 951 419 1012 libra
448 954 573 1014 decocta¹
597 952 633 1012 ad
658 955 760 1012 tertias
786 954 877 1032 partis
904 951 953 1012 vel
975 952 1074 1029 scopis

65 1034 219 1096 absinthi
211 1053 238 1094 m
259 1037 354 1096 vinum
369 1037 482 1097 additis.
516 1037 646 1096 similiter
666 1027 835 1116 hyssopites
852 1055 869 1096 e
888 1033 991 1096 Cilicio
1006 1035 1073 1110 hys-

21 1137 141 1219 ιοιιιιο
156 1121 246 1182 unciis
259 1119 371 1180 tribus
362 1139 390 1180 ιι
406 1121 479 1182 duos
495 1123 618 1198 congios
635 1123 719 1180 musti
737 1123 859 1182 coiectis
875 1129 922 1182 aut
938 1121 1028 1180 tunsis
1043 1121 1074 1178 ιι
1162 1179 1168 1184 .

65 1206 170 1272 vinum.
214 1204 284 1264 liunt
315 1214 437 1283 utraque
464 1205 574 1264 etalio
599 1205 702 1280 modo,
731 1207 809 1266 circa
833 1205 949 1267 radices
966 1206 1072 1264 vitium

65 1297 139 1349 sato.
170 1289 221 1348 Sic
237 1298 266 1348 et
285 1287 481 1350 helleboriten
498 1289 561 1350 lieri
580 1306 618 1348 ex
632 1297 750 1350 veratro
765 1291 850 1367 nigro
866 1287 938 1349 Cato
955 1289 1117 1354 docet-110

64 1375 108 1432 sic
129 1373 160 1440 ιι
181 1382 211 1432 et
234 1374 456 1449 scammonitos,
477 1374 547 1433 mira
563 1374 661 1434 vitium
678 1383 778 1435 natura
796 1390 934 1451 saporem
949 1372 1073 1434 alienun

65 1458 94 1516 in
109 1473 141 1516 se
153 1456 297 1534 trahendi,
312 1474 402 1535 quare
417 1467 449 1518 et
463 1457 583 1518 salicem
594 1455 729 1518 redolent
742 1457 979 1518 Patavinornmin
990 1457 1073 1536 palu·
1131 1493 1132 1502 ι
1162 1485 1168 1504 ι

25 1541 174 1602 matribus
195 1541 366 1602 vindemiae.
397 1543 442 1604 sic
466 1551 495 1602 et
515 1540 709 1604 helleborum·
723 1544 831 1602 seritur
856 1543 884 1602 in
904 1541 1001 1602 Thaso
1025 1549 1073 1600 aut

65 1627 191 1686 cucumis
208 1626 345 1685 silvester
361 1635 408 1686 aut
423 1627 613 1702 scammonia,
636 1626 714 1704 quod
729 1627 829 1688 vinum
841 1625 1005 1705 phthorium
1021 1635 1072 1684 vo-

26 1768 31 1772 ,
64 1717 163 1786 catur,
188 1709 321 1788 quoniam
337 1709 455 1770 abortus
476 1710 554 1772 iacit.
582 1711 634 1790 [a]
651 1709 697 1770 Fit
708 1719 738 1771 et
753 1727 791 1772 err
802 1711 918 1786 herbis,
933 1727 1052 1788 ιιιιιιι
1064 1721 1113 1773 111

64 1803 182 1855 naturae
200 1810 253 1854 suo
270 1793 338 1854 loco
357 1793 503 1857 dicentur:
530 1811 547 1854 e
563 1794 724 1858 stoechade
747 1805 777 1856 et
796 1796 895 1856 radice
918 1795 1072 1872 gentianae

65 1887 94 1938 et
108 1881 296 1956 tragorigano
309 1887 339 1938 et
350 1879 505 1957 dictamno,
518 1897 615 1956 asaro,
628 1879 733 1958 dauco,
743 1880 935 1960 elelisphaco,
949 1890 1071 1959 panace,

22 1972 170 2038 wacoro,
191 1964 307 2039 thymo,
324 1965 532 2042 mandragora,
547 1967 655 2029 iunco·
675 1975 817 2026 vocarunt
832 1974 861 2024 et
877 1966 1023 2040 scyzinum
1043 1973 1072 2024 et

62 2048 228 2108 itaeomelin
242 2059 271 2107 et
283 2048 526 2128 lectisphagiten,
542 2065 662 2126 quonum
678 2051 737 2110 iam
748 2049 914 2108 oblitterata
927 2051 1002 2108 ratio
1015 2058 1069 2108 est.

64 2132 116 2210 lh]
134 2129 158 2190 ιι
171 2131 304 2192 fruticum
317 2148 389 2192 vero
403 2149 517 2208 genere
533 2131 612 2190 cedri
627 2133 788 2208 utriusque,
806 2147 976 2207 cupressus,
989 2133 1049 2190 lan·
1062 2142 1113 2194 112

63 2233 113 2274 rus
122 2216 277 2314 ,iunipiri,
295 2215 468 2289 terebinthi,
484 2215 512 2272 in
531 2212 623 2274 Gallia
640 2213 771 2289 lentisci,
788 2212 881 2272 bacae
897 2223 948 2272 aut
964 2214 1071 2290 lignum

61 2317 168 2359 recens
180 2301 208 2358 ιι
219 2307 313 2360 musto
326 2297 537 2372 decocuntur,
528 2306 596 2356 rtem
608 2297 796 2359 chamelaeae
809 2305 839 2357 et
852 2298 1069 2398 chamaepityis,

19 2381 263 2457 aschamaedryis
284 2381 391 2460 lignum
414 2381 519 2443 eodem
541 2382 645 2462 modo,
667 2391 756 2442 etex
778 2381 868 2458 llora,
891 2383 1071 2460 inconginur

58 2467 145 2526 musti
163 2465 266 2526 decem
282 2466 463 2527 derrariornm
479 2468 611 2546 pondere
628 2465 736 2528 addito.

128 2551 176 2610 17.
202 2549 285 2630 (20.)
308 2550 396 2611 Fit
368 2569 464 2612 vrnum
481 2561 510 2612 et
528 2569 565 2612 ex
581 2568 654 2632 aqna
670 2570 705 2612 ac
719 2551 808 2613 melle
819 2561 936 2614 tanturn.
966 2552 1047 2632 qnin-
1061 2560 1113 2616 113

62 2637 187 2714 qnennio
205 2635 240 2695 ad
255 2634 312 2694 hoc
328 2639 438 2696 servari
456 2636 616 2699 caelestem
631 2637 739 2698 iubent.
766 2637 1070 2716 aliqnipmdeutiores
1173 2658 1177 2666 ¹

62 2720 156 2780 statim
183 2719 218 2779 ad
245 2721 346 2780 tertias
369 2723 460 2799 partis
480 2721 626 2782 decocunt
655 2721 818 2798 etltertiam
839 2726 951 2784 veteris
972 2722 1068 2782 mellis

17 2823 50 2865 ao
61 2803 205 2880 adiciunt
229 2804 334 2866 deinde
347 2819 394 2866 XL
425 2805 528 2866 diebus
553 2807 632 2866 oanis
656 2815 720 2866 ortu
738 2806 769 2864 in
791 2805 987 2867 solchaheut.
1020 2805 1069 2865 alii

32 2887 162 2947 dilinsa
186 2890 224 2948 ιιι
242 2889 365 2951 decumo
387 2888 434 2950 die
457 2899 600 2968 optarant.
631 2889 688 2951 hoc
708 2899 831 2950 vocatur
853 2890 1016 2967 hydromeli
1038 2898 1068 2949 et

57 2981 205 3115 veprhstate
227 2989 363 3051 saporem
378 2975 436 3034 vini
458 2975 642 3090 adsequitur,
666 2992 806 3053 nusquam
824 2975 967 3037 laudatius
983 2991 1067 3053 qnam

57 3075 87 3115 m
142 3074 234 3134 rygua

125 3139 209 3221 (21.)
233 3139 308 3213 Quin
330 3151 360 3201 et
381 3151 494 3204 acetum
512 3142 600 3204 melle
621 3144 846 3222 temperabatur.
880 3142 954 3202 adeo
977 3140 1110 3206 ιιιιιιιιι

17 3247 48 3290 ss
58 3225 259 3302 intemptatum
273 3227 353 3285 vitae
367 3227 430 3287 init.
462 3227 589 3302 oxymeli
607 3227 664 3288 hoc
678 3238 834 3303 vocarunt,
852 3227 948 3288 mellis
963 3227 1066 3286 decern

59 3307 153 3384 libris,
168 3311 245 3370 aceti
259 3311 369 3368 veteris
383 3310 504 3370 heminis
514 3311 659 3392 quinque,
676 3314 744 3374 salle
757 3313 856 3374 marini
871 3310 959 3388 libra,
972 3327 1067 3389 aquae

60 3392 176 3471 pluviae
191 3394 325 3452 sextariis
342 3396 467 3472 quinque
484 3393 707 3458 subfervefactis
719 3397 854 3475 deciens,
870 3413 938 3456 mox
950 3396 1064 3456 elutria-

58 3479 96 3558 tis
113 3487 201 3556 atque
217 3477 255 3536 ita
272 3478 448 3538 inveteratis.
478 3481 572 3540 omnia
587 3479 624 3539 ab
637 3481 811 3542 Themisone
825 3497 933 3542 summo
946 3490 1065 3542 auctore
