2462 3900
58 174 60 187 y
261 227 347 276 unu.
364 225 456 274 artu.
471 223 528 274 xv.
542 171 585 277 is.
602 222 644 277 19.
659 214 812 291 (ts—tl.)
988 213 1045 275 291

46 379 174 444 dirieae
189 379 223 440 ad
240 379 343 456 ingens
357 379 561 440 documentum
574 379 620 438 asi
634 395 671 439 ee
686 395 784 459 pomo.
815 372 937 457 namque
954 383 1048 460 perni-

46 465 119 529 eiali
135 464 203 524 odie
217 459 401 540 Carthaginis
415 463 543 541 flagrans
552 471 745 546 nepotumque
762 463 923 524 securitatis
938 466 1049 540 anxius,

48 567 126 612 eum·
145 547 282 609 elamaret
310 549 385 607 omni
409 556 509 607 senatu
535 545 738 624 Carthaginem
763 545 931 622 delendam,
958 548 1051 609 attulit

47 632 178 714 quodam
188 631 234 692 die
247 633 275 691 in
288 633 395 691 curiam
406 648 580 710 praeeoeem
591 649 629 691 ex
641 649 676 690 ea
688 631 836 710 provintia
844 631 940 706 ileum,
953 639 1050 692 usten-

24 717 186 795 tdensque
202 714 345 794 patribus:
362 707 563 793 Interrugu
579 731 661 792 ves,
676 715 780 794 inquit,
803 714 945 794 quando
961 714 1049 776 hana

47 816 193 881 pomum
232 799 409 878 demptam
443 795 829 878 putettsexartroret
873 796 1093 864 (lenimenta

48 885 147 964 omnis
173 892 321 944 recentem
347 899 414 943 esse
446 891 608 944 constaret:
635 882 916 960 atquitertium,
948 883 1048 962 inquit,

49 979 138 1028 ants
166 967 262 1027 diem
290 969 437 1028 saltate
462 961 944 1048 decerptam'Carrtlragine¹
979 977 1049 1048 tarn

47 1069 169 1132 prope
186 1069 202 1111 a
217 1045 714 1112 moerislrabemuslrestem.
741 1051 894 1130 statimque
909 1061 1050 1131 sumptum

8 1147 40 1213 ,ιο
50 1145 98 1198 est
114 1135 249 1196 Punicum
261 1136 382 1196 ‘tertium
396 1134 503 1196 bellurn
517 1151 574 1214 quo
590 1131 737 1214 Carthago
754 1134 852 1196 deleta
870 1143 932 1212 est,
953 1153 1050 1215 quam·

50 1237 138 1299 quam
154 1217 265 1280 Catone
280 1234 353 1279 anno
369 1227 511 1302 sequente
525 1225 619 1296 raptu.
649 1217 724 1292 Quid
739 1219 860 1297 primurn
870 1220 899 1279 in
914 1234 951 1280 ee
965 1221 1048 1281 mire·
1158 1215 1161 1227 '

17 1367 23 1383 2
49 1322 132 1379 mur,
149 1315 252 1363 ‘euram
267 1303 365 1380 ingeni
386 1319 422 1362 an
437 1303 622 1364 oeeasionem
636 1301 797 1380 fortuitam,
813 1301 1050 1381 celeritatemque

5 1457 7 1462 .
51 1406 155 1447 eursus
181 1405 216 1448 an
238 1386 448 1448 vehementiam
469 1383 544 1446 viril
579 1386 784 1466 superomnia
811 1391 879 1465 est,
898 1397 956 1466 quo
979 1385 1048 1449 nihil
1058 1397 1093 1453 tt

51 1471 189 1550 equidem
204 1471 278 1531 daco
296 1469 468 1546 mirabilius,
483 1479 589 1532 tantam
603 1471 681 1530 illarn
697 1470 797 1531 urbem
812 1479 841 1530 et
858 1469 1052 1532 deterrarum

14 1567 40 1608 1⁵
52 1554 128 1615 orhe
148 1572 202 1634 per
218 1567 288 1616 cxx
308 1571 398 1616 annos
418 1555 558 1616 aemulam
577 1556 659 1614 unius
680 1555 759 1640 pomi
781 1555 1049 1634 argumento¹eren
1170 1597 1173 1602 -

50 1657 130 1714 sam,
152 1639 230 1718 quud
252 1657 309 1700 non
324 1635 430 1698 Trebia
451 1647 500 1698 aut
521 1635 723 1716 Trasimenus,
744 1655 802 1700 nun
825 1637 942 1700 Cannae
964 1635 1056 1700 busto'

50 1721 172 1783 Romani
186 1724 307 1782 numinis
322 1721 466 1800 perdeere
482 1731 623 1804 potuere,
637 1739 695 1782 nun
709 1731 804 1784 eastra
821 1723 927 1798 Punica
940 1723 976 1784 ad
990 1733 1049 1784 ter·

50 1809 120 1868 tium
137 1805 260 1886 lapidem
275 1806 382 1867 vallata
396 1814 557 1891 portaeque
574 1803 707 1870 collinae
718 1807 885 1887 adequitans
900 1809 965 1888 ipse
975 1805 1049 1868 llan-

51 1890 139 1950 nibal.
169 1885 248 1951 tanto
261 1892 382 1970 propius
401 1887 706 1974 Carthaginem-pomo
723 1889 795 1954 Catu
811 1893 945 1954 admovit.
969 1889 1046 1952 cott·
1059 1899 1092 1958 tt
1108 1890 1119 1902 '¹

4 1979 42 2052 ¹²⁰
54 1985 100 2034 tur
121 1973 192 2034 licus
216 1974 303 2035 arbor
323 1975 350 2034 in
371 1974 437 2035 toro
454 1977 521 2054 ipso
540 1993 576 2037 ae
597 1978 714 2037 eomitiu
733 1975 844 2037 Rornae
864 1986 946 2054 nata,
968 1985 1051 2037 saera

51 2057 214 2134 fulguribus
227 2057 266 2127 ilri
276 2053 399 2119 conditis
408 2061 558 2138 magisque
570 2057 784 2121 admemoriam
796 2063 858 2120 eius
870 2077 944 2140 quae
956 2062 1050 2119 nutrix

52 2141 167 2202 liomuli
183 2143 228 2220 {aa
244 2140 340 2221 Remil
360 2143 516 2203 uenditoris
536 2143 640 2220 imperi
655 2144 684 2202 in
698 2141 852 2222 Luperuali
874 2144 965 2220 prims
981 2159 1048 2285 quru-

51 2227 140 2306 texitj
167 2226 313 2287 ruminalis
336 2225 499 2305 appellata,
521 2227 655 2304 queniam
675 2223 731 2288 sul)
744 2244 779 2286 ea
793 2227 908 2286 inventa
922 2232 968 2284 eet
994 2241 1050 2304 upa

51 2309 206 2370 infantibus
230 2310 375 2389 praebens
396 2311 513 2387 rumim,
540 2343 580 2356 -
601 2311 641 2372 ita
659 2309 804 2371 rodebant
823 2325 984 2385 mammam,
1008 2340 1050 2352 -

14 2393 190 2455 ttutiraeulo
211 2411 248 2456 ex
268 2411 337 2455 aare
353 2393 432 2457 iuxta
446 2393 559 2474 dinato,
584 2404 730 2475 tamquam
743 2394 772 2455 in
789 2394 931 2455 comitium
946 2401 1051 2471 sponte
1100 2460 1103 2471 q

52 2477 205 2538 transisset
226 2477 404 2540 AttaNaviu
417 2488 584 2558 augurare.
612 2497 668 2540 nee
689 2480 752 2540 sine
773 2476 929 2558 praesagia
952 2476 1051 2556 alique

52 2562 176 2637 arescit,
201 2579 361 2642 rursusque
383 2567 451 2637 eura
467 2562 651 2624 sacerdotum
664 2563 777 2625 seritur.
806 2562 858 2622 tart
873 2567 983 2622 etanta
997 2561 1049 2622 Sa·

52 2646 127 2705 turni
144 2646 246 2706 aedem
268 2643 347 2720 urbis
373 2661 448 2705 anna
472 2657 571 2708 ceux.
598 2647 710 2709 sublata
734 2661 819 2708 saere
842 2663 861 2706 a
882 2643 1049 2707 Vestalibus

53 2728 147 2804 iacto,
171 2747 235 2790 eum
251 2729 360 2790 Silvani
383 2729 566 2792 simulacrum
586 2731 778 2792 subverteret.
807 2729 911 2790 eadem
928 2729 1045 2789 fortuite
1057 2738 1094 2793 ra

15 2821 115 2872 meatu
136 2812 206 2874 vivit
230 2816 258 2874 in
279 2813 378 2874 medie
403 2814 486 2891 loru,
512 2810 567 2896 qua
594 2813 715 2876 sidentia
736 2815 838 2892 mpsrt
868 2813 1049 2876 fundamenta

53 2904 165 2958 ostentu
196 2898 276 2959 lateii
296 2896 418 2959 *Curtius
443 2899 580 2958 maxumis
607 2897 708 2974 boum,
732 2895 790 2958 lroe
816 2905 862 2957 est
886 2899 990 2957 virtute
1013 2913 1048 2958 ae

51 2980 159 3059 pietate
170 2990 309 3043 semente
324 2981 492 3063 praeclara,
506 2980 685 3061 expleverat.
709 2997 804 3061 aeque
817 2981 933 3042 tertuita
946 2979 1050 3040 eodem
1159 3005 1163 3016 ¹

51 3064 119 3124 loeo
134 3075 179 3126 est
197 3066 263 3126 vitis
288 3073 376 3145 atque
396 3065 479 3140 olea,
501 3065 619 3126 umbrae
640 3065 733 3144 qratia
753 3065 909 3128 sedulitate
930 3063 1050 3143 plebeia

24 3160 28 3164 ⁴
52 3156 141 3208 satae.
171 3167 222 3210 ara
239 3150 305 3210 inde
319 3150 432 3210 sublata
445 3148 620 3228 guernerio
630 3167 747 3223 munere
763 3150 822 3212 dmi
836 3148 892 3209 luli
905 3148 983 3227 qaud
997 3165 1047 3209 au·

14 3232 166 3294 sevissime
183 3235 319 3312 pugnavit
333 3235 363 3294 in
377 3234 452 3294 iuro.

115 3310 198 3396 (21.)
220 3317 404 3379 Admirabilis
426 3324 471 3377 est
496 3317 575 3396 pomi
593 3316 714 3379 luniusee
739 3318 884 3379 festinatio
906 3318 990 3378 unius
1014 3317 1091 3383 inis

4 3463 6 3468 ,
53 3402 177 3475 eunetis,
194 3400 231 3462 ad
245 3402 433 3462 maturitatem
445 3402 627 3481 properantii
643 3411 705 3464 arte
722 3411 849 3463 naturae.
876 3403 924 3464 te.
947 3399 1047 3481 Capri·

52 3483 122 3544 fieus
138 3493 258 3546 tueatur
274 3505 290 3546 e
306 3485 433 3546 silvestri
452 3503 562 3564 genere
581 3486 653 3548 licus
670 3503 821 3565 numquam
836 3495 1049 3568 maturesuens,

815 3567 878 3632 tu*
921 3565 926 3574 ’
