2444 3908
128 227 171 246 Ι,
254 157 842 249 uar.u1sn.vn1.5e·-tn.(to—ta.)
933 211 939 222 .
1007 158 1047 230 at

10 327 197 406 obliquam
216 325 246 384 in
260 326 386 388 ἰιιιιιιιιι.
419 325 587 404 paenuriam
600 324 684 386 lactis
699 327 896 404 praepingues
912 329 1047 406 suadent,

13 423 55 480 et
83 413 192 490 primo
214 409 276 470 latu
297 411 389 470 minus
410 419 475 470 snut
496 425 679 486 numerosae.
710 408 742 470 ln
759 410 820 470 luto
840 411 982 474 volutatio
995 432 1049 491 ge·

15 499 97 556 neri
118 502 218 572 grata.
251 496 357 554 intorta
378 493 478 554 cauda.
509 494 537 556 id
558 495 643 560 etiam
658 502 802 569 notatum,
827 494 942 556 laoillus
964 497 1049 558 litare

17 583 56 648 iar
84 580 249 643 dexterum
267 595 351 657 quam
374 579 402 638 iu
421 577 536 638 laevom
550 578 673 641 detorta.
706 580 900 657 pinguescunt
916 593 964 640 Lx
988 581 1048 641 die·

9 665 105 740 hus,
124 664 184 724 sed
198 664 290 742 magis
306 663 397 726 tridui·
407 662 500 722 inedia
516 663 696 740 saginatione
711 680 788 729 orsa.
815 663 976 724 animalium
991 664 1049 726 laec

18 766 178 814 maxum
194 747 318 823 brutum,
337 748 517 824 animamque
533 748 561 806 ei
577 761 636 826 pro.
648 747 710 810 sale
726 747 819 809 datam
841 765 899 808 non
919 745 1050 826 inlepide

22 831 283 897 existumabatvr.
301 832 603 910 conpertumagnitam
612 848 716 892 vocem
725 833 811 892 suarii
823 832 899 894 turta
909 831 1091 908 abactam
1152 846 1155 858 ‘

23 934 203 994 mersoque
228 917 342 993 navigio
367 915 552 978 inclinatione
575 916 675 976 lateris
696 918 779 978 unius
795 933 952 988 remeasse.
982 918 1052 995 qnia

28 1011 70 1064 et.
93 1001 240 1062 duoesin
263 1001 335 1063 uriae
363 1001 457 1063 iorum
480 1000 676 1060 nundinarium
698 1000 859 1080 domosque
880 1010 983 1079 petere
1005 1001 1047 1062 di·

7 1095 138 1160 escunt,
160 1095 190 1144 et
205 1084 260 1145 ieri
277 1086 390 1163 sapiunt
405 1085 511 1163 palude
529 1083 708 1146 confundere
725 1082 875 1146 urinam**
892 1084 989 1162 lupam
1004 1085 1045 1146 le·

27 1187 124 1233 aare.
159 1167 327 1230 castrantur
349 1169 474 1232 feminae
489 1172 533 1230 sic
549 1185 665 1248 quoque
683 1170 723 1228 nti
738 1178 769 1230 et
789 1169 892 1230 cameli
906 1179 975 1248 post
991 1169 1090 1236 bitot
1173 1161 1180 1168 ”

30 1255 89 1314 dui
106 1251 233 1314 inediam
252 1271 414 1332 suspensae
433 1255 532 1332 pernis
557 1251 703 1331 prioribus
724 1253 811 1314 volva
831 1254 937 1314 recisa.
970 1254 1049 1316 eele-

31 1340 102 1400 rius
120 1339 160 1396 ita
173 1338 376 1416 pinguescunt.
409 1337 562 1398 adhibetur
577 1346 606 1396 et
623 1354 670 1396 ars
685 1338 777 1396 iecori
794 1337 963 1398 laminarum
974 1338 1050 1398 siout
1159 1337 1164 1342 ’

34 1439 192 1496 anserum,
209 1419 408 1484 iuventumlll.
426 1420 522 1500 Apici,
542 1422 598 1482 lieo
615 1420 693 1480 arida
709 1421 859 1498 saginatis,
875 1423 980 1482 asatie
997 1439 1047 1482 na·

7 1531 23 1572 s
38 1506 119 1568 oetas
136 1514 258 1583 repente
273 1505 357 1566 mulsi
373 1515 444 1584 potu
460 1505 536 1566 dato.
568 1523 663 1583 neque
683 1505 741 1566 alio
756 1521 794 1567 ex
819 1504 934 1566 ammali
949 1523 1047 1568 nunna·
1089 1547 1095 1554 -

35 1591 143 1650 rosior
157 1591 277 1652 materia
294 1607 415 1666 ganeae.
444 1591 649 1668 quinquaginta
664 1577 757 1667 pr'ope
769 1605 901 1668 sapores,
919 1607 985 1648 ιιιιι
999 1605 1047 1648 ce·

37 1675 117 1734 teris
134 1673 247 1749 singuli.
279 1674 344 1734 hinc
363 1676 558 1736 censoriarum
579 1675 676 1752 legum
694 1674 816 1752 paginae
837 1671 1048 1752 interdictaque

40 1758 129 1818 cene
145 1755 457 1838 abdominaglandia,
478 1759 615 1834 testiculi,
631 1758 752 1833 volvae,
773 1758 909 1835 sincipita
921 1759 1048 1832 vamina,

41 1851 75 1902 nt
92 1851 189 1901 tamen
205 1842 288 1903 Publi
303 1845 451 1904 mimorum
465 1853 574 1923 poetae
590 1861 682 1917 cena,
705 1852 858 1921 postquam
880 1841 1051 1902 servitutem

6 1945 33 1990 ro
43 1935 180 2001 exuerat,
198 1926 276 1988 nulla
291 1936 464 1988 memoretur
481 1927 723 2002 sinealtdomine,
740 1929 825 1988 etiam
840 1923 985 1986 vocabalo
1000 1941 1047 1984 sn·

42 2012 133 2072 minis
146 2010 181 2069 ab
198 2028 234 2070 eo
249 2013 385 2091 inposito.

112 2093 197 2172 (78.)
219 2094 360 2158 Plaoaere
376 2105 471 2156 autem
487 2105 516 2156 et
531 2095 585 2156 ieri
600 2113 678 2154 sues.
714 2095 770 2154 iam
794 2091 916 2154 Catonis
928 2104 1090 2158 censuale

44 2181 88 2240 fis
106 2179 252 2238 orationes
267 2197 405 2258 aprunum
419 2178 597 2257 exprobrant
618 2178 731 2238 callum.
761 2177 789 2236 ia
803 2177 855 2237 tris
873 2185 968 2238 tamea
982 2195 1047 2255 par·
1109 2175 1112 2182 ’

45 2264 86 2324 tis
101 2263 193 2324 diviso
208 2263 303 2324 media
319 2262 492 2342 ponebatur,
517 2260 630 2322 lumbus
649 2277 773 2338 aprunus
790 2260 946 2338 appellata.
977 2259 1046 2320 seli·

7 2365 36 2408 ns
47 2348 117 2408 dnm
132 2363 229 2424 aprum
249 2346 442 2408 Romanorum
458 2347 564 2424 primns
580 2347 608 2404 in
627 2343 722 2422 epulis
748 2343 882 2420 adposuit
899 2343 931 2404 Ρ.
948 2343 1047 2404 Serri·

48 2432 106 2494 lius
120 2428 237 2506 liullus,
262 2441 345 2510 pater
373 2432 436 2498 eius
451 2428 529 2490 Rulli
545 2430 592 2507 qui
613 2426 765 2488 Ciceronis
784 2427 935 2489 consulatu
951 2427 1071 2505 legem

49 2515 191 2592 agrariam
208 2516 410 2593 promulgavit.
443 2524 500 2576 tam
515 2515 676 2593 propinqua
694 2514 778 2589 origo
795 2529 870 2573 nona
885 2512 1048 2574 comana

50 2600 96 2658 rci
111 2607 163 2658 est.
197 2607 225 2660 et
240 2599 297 2660 hoo
314 2599 432 2665 annuales
450 2607 594 2672 notarunt,
605 2597 711 2658 lorum
732 2595 845 2658 scilicet
861 2597 897 2657 ad
913 2597 1047 2658 uneada·

51 2685 156 2744 tionem
174 2700 283 2744 morum
298 2683 401 2762 quibus
416 2701 474 2744 non
489 2691 549 2746 tota
566 2682 680 2760 quidem
696 2698 768 2742 cena
792 2681 846 2742 sed
861 2683 891 2740 is
905 2681 1047 2761 principio

16 2785 43 2828 ιι
52 2768 112 2830 bini
127 2769 256 2845 ternique
272 2769 382 2844 pariter¹
395 2767 564 2830 manduntur
578 2768 650 2844 apri.

116 2850 162 2910 52.
185 2851 302 2912 Vinaria
317 2867 417 2912 eorum
433 2861 656 2928 ceterorumque
672 2849 847 2910 silvestrium
860 2851 967 2927 primus
984 2856 1088 2912 totlt

53 2935 112 3014 gati
132 2937 246 3012 generis
265 2937 372 2996 invenit
388 2934 507 2996 Fulvius
533 2935 681 3012 lippinus.
705 2934 733 2993 in
750 2931 950 3011 Tarquiniensi
970 2932 1053 2992 ieras.

54 3037 172 3099 pascere
195 3021 323 3080 instituit.
352 3038 407 3080 nac
423 3019 470 3079 din
492 3020 650 3082 imitatores
673 3017 794 3078 deluere
815 3015 845 3078 t.
867 3015 1002 3078 Lucullus
1017 3023 1051 3076 et

55 3103 93 3177 Q.
108 3101 282 3166 Hortensius.
312 3105 387 3164 Sues
403 3104 484 3164 ierac
500 3102 590 3164 semel
608 3118 681 3162 anna
696 3103 826 3180 &gaunt
856 3099 981 3162 maribus
1002 3100 1093 3166 inm

21 3189 132 3250 accon
152 3188 281 3267 pluruma
312 3190 463 3266 asperitas.
496 3190 563 3246 ιιιιιιΙ
578 3187 651 3246 inter
674 3205 706 3246 se
728 3185 861 3246 dimicant
868 3184 1046 3260 indurantes

56 3273 149 3334 attritu
168 3271 304 3348 arborum
324 3281 421 3333 costas
443 3272 563 3349 lutoque
591 3288 626 3332 sa
645 3278 840 3347 terporantes.
876 3268 1027 3328 feminas
1019 3285 1051 3328 aa

56 3365 138 3436 partu
151 3358 331 3434 asperiores,
351 3364 380 3416 et
394 3355 459 3416 iere
475 3355 627 3416 similiter
618 3373 648 3414 ιιι
662 3356 738 3414 omni
754 3371 865 3431 genera
881 3351 1046 3412 bestiarum.

58 3441 132 3520 apris
145 3439 268 3502 maribus
289 3441 401 3502 nonnisi
416 3438 554 3521 anniculis
571 3439 732 3516 generatio.
761 3440 790 3498 in
809 3435 889 3580 hd?
906 3434 1049 3498 oushitalnt

98 3527 369 3586 mmmss
