2462 3900
304 227 592 304 manutentum.
608 225 711 280 sssm.
729 215 882 300 (lo-14.)
1037 219 1098 281 267
1131 207 1133 210 ’

98 393 129 444 et
143 385 172 442 iu
188 400 222 442 ea
236 400 367 442 maxume
382 381 527 443 Vocontii.
555 383 726 444 adservatur
741 385 802 444 eius
818 375 908 462 gratia
924 403 979 445 uva
995 386 1099 447 diutius

5 477 8 500 ²
96 469 199 528 invite
215 466 352 545 pediculo
369 469 484 527 intorto.
516 468 552 528 ab
568 467 631 528 aliis
647 469 711 547 ipse
724 468 836 548 palmes
851 469 982 530 inciditur
998 471 1026 528 iu
1039 489 1097 531 me·
1105 482 1140 538 81

97 551 220 627 duliam,
238 549 273 612 ab
288 551 352 610 aliis
367 569 422 610 uva
438 560 565 612 torretur
580 554 608 611 in
619 553 742 630 tegulis,
760 555 854 614 omnia
869 571 907 613 ex
919 553 1097 630 helvennaca
1187 615 1193 630 κ

0 646 5 669 ³
97 638 166 695 vite.
199 635 243 695 luis
264 634 390 694 adiciunt
408 635 495 714 aliqui
512 637 590 716 quorl
610 645 716 696 vocant
736 637 891 712 aliaobvton
906 639 968 696 uvis
983 639 1011 695 in
1032 639 1097 698 sole

6 734 10 760 ²
74 720 213 780 uslcoatis
229 717 296 778 loco
314 719 397 779 oluso
419 737 472 798 per
493 720 555 781 dies
571 731 684 800 septem
701 723 729 782 in
746 721 890 797 cratibus,
911 722 1030 782 totidem
1045 737 1096 799 pe·

1 829 7 834 ·
95 803 149 864 vles
164 821 180 862 a
195 811 273 863 terra
291 803 366 880 alte,
383 804 517 864 noctibus
531 823 547 866 a
563 823 630 865 rore
648 805 794 882 delensis,
817 815 921 865 octavo
938 805 984 865 die
1002 805 1095 865 calca·

1 905 4 914 ’
95 889 142 949 tis.
168 888 205 948 ita
222 887 285 948 lieri
301 889 409 966 optumi
427 888 526 948 odoris
540 891 721 968 saporisque.
747 889 772 950 Ε
789 889 865 950 dulci
880 907 991 967 genere
1007 897 1052 949 est
1065 898 1139 956 etse

94 971 241 1031 melitites.
279 971 363 1046 distat
384 991 400 1032 a
424 974 534 1050 mulso,
558 975 636 1053 quod
661 975 691 1034 lit
717 994 733 1034 e
757 983 850 1034 musto
877 991 941 1034 curn
970 975 1095 1053 quinque

96 1057 209 1133 congiis
231 1058 337 1116 austeri
358 1059 446 1116 musti
457 1060 562 1138 congio
577 1059 671 1118 mellis
692 1067 722 1118 et
742 1059 811 1118 salis
828 1059 932 1132 cyatho
947 1057 1096 1118 subferve-

44 1141 197 1214 ‘1olaotis‚
218 1149 373 1202 austerum.
411 1141 464 1202 scri
484 1144 558 1201 inter
576 1143 650 1202 baec
664 1159 773 1220 genera
795 1143 864 1219 poni
880 1142 967 1202 debet
985 1151 1013 1201 et
1028 1159 1095 1220 pro·

4 1225 9 1265 l
94 1234 219 1302 tropum.
248 1225 285 1284 ita
309 1224 473 1302 appellatur
489 1223 688 1306 aquibusdam
702 1233 824 1284 mustum
843 1234 946 1302 sponte
965 1225 1095 1286 delluens

94 1317 248 1386 antequam
267 1309 416 1368 calcentur
436 1327 519 1370 uvae.
549 1309 605 1370 boc
627 1311 756 1388 protinus
781 1308 912 1368 diffusum
934 1309 962 1367 in
984 1309 1096 1390 lagonis
1164 1313 1167 1319 ’

0 1417 4 1428 ¹
94 1395 156 1452 suis
172 1389 327 1454 delerv'ere
345 1393 439 1471 passi,
459 1404 563 1473 postea
585 1395 612 1452 in
627 1394 692 1454 sole
708 1391 896 1472 quadraginta
913 1391 1015 1455 diebus
1037 1402 1095 1452 tor·

94 1485 160 1538 rent
176 1479 294 1536 aestatis
310 1486 430 1537 secutae
446 1479 512 1556 ipso
530 1480 608 1539 cauis
625 1487 698 1538 ortu.

1 1569 2 1644 f
53 1584 85 1625 ιε»
159 1563 206 1622 10.
222 1559 306 1639 (12.)
324 1560 389 1620 Non
401 1571 522 1640 possunt
536 1563 597 1621 iure
614 1562 670 1622 dici
684 1563 749 1621 vina
762 1577 835 1639 quae
849 1559 952 1620 Graeci
965 1561 1138 1624 deuteriam

0 1663 1 1678 ¹
94 1644 259 1723 appellant,
282 1643 354 1706 Galo
371 1655 400 1704 et
415 1663 467 1706 nos
484 1647 593 1722 loram,
618 1647 772 1706 maceratis
788 1649 861 1724 aqua
877 1647 1021 1720 vinaceis,
1043 1645 1096 1704 sed
1119 1709 1121 1712 ,

93 1738 189 1788 tamen
210 1730 287 1788 inter‘
307 1730 372 1788 vina
395 1732 529 1810 operaria
546 1741 738 1790 numerantur.
773 1731 827 1790 tria
849 1745 949 1798 eorum
970 1746 1094 1806 genera:

94 1813 215 1873 decuma
227 1813 315 1890 parte
333 1831 425 1893 aquae
442 1815 537 1878 addita
550 1831 633 1894 quam
650 1833 723 1894 quae
740 1814 825 1874 musti
841 1831 982 1893 expressa
999 1814 1048 1887 sit,
1067 1821 1096 1870 et

4 1925 5 1928 ¹
88 1897 133 1958 ita
149 1905 234 1958 nocte
249 1917 283 1959 ac
299 1898 345 1958 die
361 1899 528 1960 madefactis
541 1901 670 1960 vinaceis
682 1915 840 1977 rursusque
851 1895 934 1976 prelo
947 1897 1094 1956 subiectis.

51 1977 231 2058 accitarum,
249 1983 396 2062 quomodo
413 1984 516 2044 Graeci
534 1984 720 2058 factitavere,
742 1983 827 2041 tertia
843 1991 924 2058 parte
941 1982 1002 2040 eius
1019 1981 1097 2057 quod

95 2085 268 2144 expressum
290 2069 326 2126 sit
346 2067 441 2127 addita
462 2084 554 2144 aquae
579 2083 782 2142 expressoque
799 2064 923 2122 decocto
944 2063 980 2122 ad
997 2065 1097 2124 tertias

0 2163 28 2213 ¹.
95 2152 195 2227 partis.
230 2151 344 2210 tertium
361 2159 406 2207 est
426 2148 559 2208 faecibus
573 2149 630 2206 vini
652 2163 838 2225 expressum,
863 2145 940 2223 quod
954 2145 1096 2205 faecatum

96 2229 168 2310 Cato
185 2232 325 2311 appellat.
360 2231 467 2290 nullum
484 2249 521 2290 ex
537 2231 580 2290 luis
597 2230 662 2308 plus
678 2248 762 2308 quam
777 2230 861 2288 annui
875 2245 953 2288 usus.
992 2253 995 2256 ·

161 2318 209 2377 11.
234 2315 316 2394 (13.)
340 2315 447 2374 Verum
462 2316 537 2374 inter
551 2315 625 2374 baec
641 2313 716 2372 subit
731 2322 871 2386 mentem,
894 2327 957 2371 cum
974 2313 1029 2370 sint
1042 2330 1092 2388 ge·
1103 2321 1137 2378 at

50 2393 82 2463 aa
93 2417 165 2460 uera
180 2399 307 2474 nobilia,
325 2418 399 2477 quae
416 2400 536 2479 proprie
548 2400 605 2458 vini
622 2397 752 2476 intellegi
768 2398 895 2476 possint,
917 2409 1013 2456 Lxxx
1032 2395 1095 2455 lere

1 2494 3 2530 t
93 2487 122 2544 iu
140 2492 203 2543 toto
220 2483 309 2559 orbe,
333 2483 403 2543 duas
422 2485 509 2562 partis
526 2501 563 2542 ex
584 2484 641 2543 boc
655 2499 775 2542 numero
791 2479 891 2540 ltaliae
907 2497 989 2556 esse,
1012 2498 1095 2559 prae-

1 2577 3 2612 u
93 2567 176 2630 terea
197 2568 285 2645 longe
302 2577 368 2628 ante
384 2577 502 2628 cunctas
523 2577 627 2627 terras.
658 2571 687 2627 et
704 2568 770 2627 binc
790 2565 895 2644 deinde
917 2563 1001 2624 altius
1025 2582 1094 2625 cura

1 2669 2 2694 ³
94 2653 185 2731 serpit
197 2668 254 2712 non
269 2672 285 2712 a
301 2653 457 2732 primordio
470 2652 544 2712 hanc
555 2653 675 2730 gratiam
690 2651 796 2726 luisse,
817 2650 1016 2710 auctoritatem
1030 2657 1097 2728 post

1 2755 2 2760 ¹
26 2727 33 2740 ’
94 2739 340 2796 sexcentesimum
356 2737 434 2796 urbis
450 2756 552 2796 annum
570 2739 717 2815 coepisse.

1 2826 2 2856 ³
52 2843 88 2904 ao=
159 2820 207 2881 12.
233 2821 316 2902 (14.)
338 2821 488 2882 Romulum
503 2819 671 2896 lacte,uon
686 2817 893 2891 vino,·libasse
908 2818 1013 2878 indicio
1030 2821 1139 2878 sumas
1186 2835 1190 2842 ·

93 2922 178 2966 saera
194 2905 229 2966 ab
246 2924 282 2965 eo
302 2903 446 2982 instituta,
466 2923 539 2983 quae
555 2904 643 2964 bodie
660 2903 823 2962 custodiunt
838 2918 957 2962 morem.
987 2899 1097 2958 Numae

92 2989 174 3065 regis
198 2989 343 3051 Postumia
363 2991 414 3054 lex
439 2999 499 3050 est:
529 2989 620 3048 Vino
648 3003 773 3063 rogum
796 3004 838 3045 ne
867 2984 1095 3062 respargito.

94 3073 172 3151 quod
184 3075 317 3134 sanxisse
328 3075 408 3135 illum
421 3083 542 3153 propter
557 3073 682 3150 inopiam
694 3073 737 3130 rei
748 3087 833 3155 nemo
846 3067 964 3128 dubitet.
988 3065 1098 3131 Eadem

93 3155 164 3232 lege
182 3176 219 3218 ex
236 3158 366 3237 inputata
382 3160 440 3218 vite
456 3157 539 3218 libari
557 3159 620 3216 vina
636 3156 679 3216 dis
694 3155 776 3216 nefas
791 3153 904 3228 statuit,
920 3153 1031 3211 ratione
1047 3167 1096 3210 ex·
1196 3221 1210 3231 „

52 3239 222 3318 aecogitata
243 3252 273 3301 ut
299 3252 400 3319 putare
421 3250 596 3318 cogerentur
619 3238 691 3300 alias
713 3249 844 3300 aratores
867 3243 896 3294 et
918 3236 993 3314 pigri
1019 3236 1105 3294 circa

93 3323 227 3404 pericula
251 3325 370 3386 arbusti.
407 3325 446 3386 bl.
467 3325 560 3386 Varro
585 3333 685 3384 auctor
707 3334 752 3383 est
772 3321 943 3404 Mezentium
965 3319 1097 3380 Etruriae

92 3426 195 3486 regem
220 3411 355 3470 auxilium
375 3408 486 3470 llutulis
508 3417 608 3468 contra
627 3407 742 3469 Latinos
764 3405 867 3466 tulisse
884 3404 942 3462 vini
961 3403 1098 3464 mercede

94 3491 173 3572 quod
189 3503 246 3554 tum
262 3499 291 3552 m
306 3489 406 3552 Latino
422 3511 493 3570 agro
509 3493 622 3552 luisset.
