2482 3910
306 214 385 260 nen.
408 155 497 260 rader.
520 215 554 260 x.
578 201 870 280 61-63.(81-83.)
1028 205 1084 264 151

84 379 198 430 stantes
221 367 304 428 anuo
328 369 403 427 inter
423 383 455 426 se
481 368 632 446 conplexi,
654 367 728 428 feles
750 386 828 428 mare
855 371 1086 444 summiserint

85 454 267 527 subiacente,
285 452 389 531 volpes
403 453 432 510 in
448 452 539 512 latera
554 454 705 529 proiectae
726 469 890 530 maremque
907 454 1011 514 irmina
1027 473 1083 514 am-

88 538 187 616 plexa.
222 546 367 596 taurorum
385 551 595 612 cervorumque
611 535 738 596 feminae
752 537 808 596 vim
826 553 883 597 uon
898 538 1033 613 tolerant,
1050 557 1085 598 ea

83 621 121 682 de
142 637 231 680 causa
253 620 450 696 ingrediamur
472 621 501 678 in
518 629 672 698 conceptu.
705 621 784 680 cervi
804 621 932 682 vicissim
954 621 990 682 ad
1012 622 1083 682 alias
1191 689 1197 702 .

59 714 232 765 stranseunt
257 714 285 763 et
305 704 340 764 ad
364 706 477 781 priores
504 705 634 764 redeunt.
664 704 794 784 lacertae
817 713 847 764 ut
871 723 1000 783 eaquae
1021 707 1083 764 sine

82 788 208 867 pedibus
224 797 289 847 sunt
309 787 494 848 circumdem
509 806 646 848 venerem
669 805 788 848 novere.
819 787 1065 850 Omniaanimalia
1076 797 1125 854 1⁷5

84 889 142 952 quo
164 872 272 932 maiora
293 888 418 948 corpore
434 872 491 932 hoo
519 875 610 932 minus
633 873 767 932 secunda.
807 873 937 950 singulos
963 875 1084 952 gignunt

83 957 248 1034 elephanti,
268 955 386 1030 cameli,
413 957 489 1034 equi.
517 957 644 1018 acanthis
660 956 839 1035 duodenos,
867 959 928 1016 avis
950 959 1082 1016 minuma.

84 1039 228 1099 Ocissime
242 1040 355 1118 pariunt
369 1058 443 1119 quae
459 1039 607 1118 plurumos
622 1041 751 1116 gignunt.
785 1057 842 1120 quo
858 1043 949 1100 maius
964 1051 1009 1100 cst
1024 1042 1081 1100 ani·

49 1123 151 1198 romal,v
168 1133 245 1184 tanto
267 1123 370 1183 diutius
392 1123 531 1184 formatur
554 1127 582 1183 in
595 1133 689 1184 utero.
727 1125 831 1184 diutius
854 1133 1004 1202 gestantur
1023 1126 1082 1202 qui-

84 1208 138 1266 lius
161 1207 294 1284 longiora
316 1217 381 1266 sunt
402 1209 477 1266 vitae
499 1209 609 1285 spatia,
638 1226 734 1286 neque
759 1211 951 1268 arescentium
973 1217 1084 1285 tempe-

84 1294 158 1351 stiva
175 1293 211 1352 ad
232 1291 427 1367 generandum
449 1301 539 1352 aetas.
573 1291 655 1364 Quae
677 1291 786 1351 solidas
814 1291 922 1350 hebent
944 1292 1145 1367 ungulasttti.

84 1375 225 1451 singulos,
242 1393 316 1452 quae
330 1375 458 1434 'bisulcas
481 1384 509 1435 et
524 1377 657 1452 geminos
674 1376 796 1452 pariunt.
827 1391 947 1452 quorum
969 1377 997 1433 in
1012 1375 1081 1450 digi-

83 1469 130 1518 tos
146 1459 250 1536 pedum
265 1458 366 1517 fissura
382 1459 472 1518 divisa
489 1467 543 1534 est,
566 1477 600 1518 ea
611 1460 809 1518 numerosiora
823 1461 851 1518 in
868 1458 938 1518 fetu.
970 1459 1022 1518 sed
1038 1477 1083 1517 su·

50 1564 75 1604 15
85 1544 201 1622 periura
218 1544 310 1602 omnia
324 1543 473 1620 perlectos
491 1543 578 1604 edunt
593 1551 702 1621 partus,
718 1544 792 1603 haec
802 1543 964 1617 inchoatos,
981 1543 1009 1600 in
1025 1559 1082 1619 quo

85 1636 149 1685 sunt
170 1645 279 1703 genere
309 1627 445 1700 leaenae,
469 1645 572 1702 ursae,
598 1636 627 1686 et
648 1627 753 1705 volpes
775 1627 898 1686 informe
920 1628 1003 1686 etiam
1024 1644 1082 1685 ma-

84 1712 130 1788 gis
151 1727 234 1787 quam
256 1711 419 1787 supradicta
440 1711 529 1788 parit,
551 1729 703 1790 rarumque
723 1720 769 1770 cst
790 1712 890 1770 videre
912 1713 1081 1788 parientem.
1107 1719 1109 1726 ’

84 1803 189 1872 postea
207 1794 359 1854 lambendo
379 1794 550 1856 calefaciunt
565 1795 640 1854 letus
656 1795 749 1856 omnia
766 1813 800 1854 ea
821 1805 850 1854 et
872 1795 1002 1870 figurant.
1034 1813 1082 1872 pa·

83 1879 158 1937 riunt
178 1877 337 1955 plurumum
360 1887 524 1956 quaternos.
557 1877 671 1939 Gueeos
698 1887 793 1938 autem
818 1881 939 1956 gignunt
966 1895 1064 1952 canes,
1075 1885 1124 1940 177

48 1961 162 2038 mlum,
190 1961 365 2039 pantherae,
393 1962 486 2022 thoes.
527 1981 626 2022 canum
656 1964 739 2041 plura
764 1981 882 2038 genera.
916 1962 1082 2024 'Laconicae

85 2055 190 2104 octavo
214 2063 312 2105 mense
335 2047 476 2122 utrimque
505 2057 653 2122 generant.
693 2047 788 2106 ferunt
809 2048 959 2121 sexaginta
982 2046 1083 2106 diebus

1 2153 2 2156 ¹
84 2139 114 2188 et
129 2129 289 2207 plurumum
306 2129 407 2188 tribus.
439 2139 556 2189 ceterae
573 2148 661 2188 canes
677 2138 706 2189 et
728 2139 885 2188 semestres
912 2131 1016 2187 coitum
1034 2148 1081 2206 pa-

12 2287 16 2297 *
83 2215 199 2272 tiuntur.
224 2214 368 2290 inplentur
383 2229 482 2272 omnes
495 2230 551 2270 uno
570 2215 656 2270 coitu.
680 2230 755 2291 quae
770 2222 835 2270 ante
851 2213 954 2270 iustum
969 2221 1082 2288 tempus

84 2313 253 2374 concepere
275 2296 379 2356 diutius
396 2314 502 2358 caecos
517 2295 622 2354 habent
644 2295 766 2369 catulos,
783 2313 837 2354 nco
859 2294 949 2352 omnis
964 2295 1082 2354 totidem

46 2379 198 2440 usdiebus.
232 2380 437 2440 existumentur
452 2381 479 2438 in
495 2381 575 2438 urina
592 2378 727 2439 attollere
746 2397 812 2439 crus
834 2379 896 2436 lere
913 2387 1080 2437 semestres.

83 2465 111 2522 id
129 2473 174 2522 est
190 2464 302 2540 siguum
317 2465 502 2541 consummati
518 2465 619 2522 virium
637 2461 762 2522 roboris.
795 2461 919 2522 terame
934 2461 991 2520 hoc
1006 2462 1082 2521 idem

83 2546 224 2606 sidentes.
243 2547 343 2606 Partus
360 2547 483 2606 duodeni
500 2546 602 2624 quibus
613 2547 847 2620 numerosissimi‚
861 2555 962 2604 cetero
979 2547 1066 2624 quini,
1075 2553 1125 2608 178

83 2631 157 2704 seui,
175 2631 328 2709 aliquando
340 2632 454 2708 singuli,
474 2630 550 2710 qupd
566 2630 762 2709 prodigiosum
779 2637 885 2709 putant,
902 2631 975 2689 sicut
991 2631 1082 2689 omnis

82 2716 169 2774 maris
192 2724 240 2774 aut
262 2717 353 2774 omnis
381 2715 501 2774 laminas
520 2717 608 2792 gigni.
643 2716 750 2792 primos
772 2732 904 2792 quosque
926 2716 1012 2774 muris
1033 2733 1082 2792 pa·

47 2799 170 2871 sariunt,
200 2799 227 2856 in
252 2799 358 2860 ceteris
381 2799 531 2868 alternant.
562 2802 693 2858 ineuntur
714 2816 730 2856 a
753 2807 836 2875 partu
865 2807 949 2858 sexto
971 2815 1080 2856 mense.

82 2880 214 2941 Octonos
235 2881 395 2942 Laconicae
417 2885 538 2961 pariunt.
574 2884 691 2960 propria
713 2883 741 2940 in
762 2899 798 2942 eo
825 2897 935 2957 genere
958 2879 1082 2940 maribus

81 2965 186 3025 labore
202 2965 346 3026 salacitas.
380 2968 478 3026 vivont
499 2967 634 3026 laconici
658 2966 738 3024 annis
754 2964 847 3041 denis,
872 2965 994 3025 feminae
1011 2963 1079 3024 duo·

80 3049 182 3124 denis,
210 3055 308 3110 cetera
322 3069 432 3127 genera
447 3049 606 3129 quindenos
622 3065 728 3122 annos,
746 3049 898 3128 aliquando
921 3059 950 3107 ei
969 3048 1079 3123 viginti,

80 3151 139 3192 neo
160 3142 220 3192 tota
240 3152 291 3194 sua
308 3143 403 3196 aetate
425 3141 567 3212 generant
587 3133 650 3192 lere
672 3151 689 3192 a
710 3132 882 3194 duodecimo
904 3133 1079 3192 desinentes.

46 3216 195 3282 asF'elium
213 3227 241 3276 ct
260 3217 477 3278 ichneumonum
494 3217 604 3295 reliqua
625 3224 654 3275 ut
669 3229 778 3276 cunum.
810 3219 908 3276 vivont
923 3218 1001 3276 annis
1018 3233 1062 3272 se·
1072 3221 1122 3278 179

80 3303 138 3360 nis.
170 3299 335 3379 dasypodes
353 3305 428 3361 omni
445 3319 544 3360 mense
560 3301 672 3378 pariunt
690 3309 719 3360 et
739 3300 930 3378 superfetant,
950 3297 1022 3358 sicut
1038 3297 1079 3357 le·

79 3401 184 3462 poree.
217 3394 338 3463 apertu
354 3386 446 3444 statim
469 3384 621 3463 inplentur.
654 3385 819 3463 concipiunt
840 3384 967 3460 quamvis
990 3382 1080 3442 ubera

80 3470 213 3528 siccante
229 3467 299 3529 fetu.
330 3459 442 3548 pariunt
457 3477 551 3528 autem
568 3485 684 3529 caecos.
716 3467 873 3547 elephanti,
889 3473 918 3528 ut
933 3461 1122 3548 diximusgfl,
