<?xml version="1.0" encoding="UTF-8"?>
<!DOCTYPE html PUBLIC "-//W3C//DTD XHTML 1.0 Transitional//EN"
    "http://www.w3.org/TR/xhtml1/DTD/xhtml1-transitional.dtd">
<html xmlns="http://www.w3.org/1999/xhtml" xml:lang="en" lang="en">
 <head>
  <title>
</title>
<meta http-equiv="Content-Type" content="text/html;charset=utf-8" />
  <meta name='ocr-system' content='tesseract 3.04.00' />
  <meta name='ocr-capabilities' content='ocr_page ocr_carea ocr_par ocr_line ocrx_word'/>
</head>
<body>
  <div class='ocr_page' id='page_1' title='image "./cplinisecundina12plingoog_0083.png"; bbox 0 0 2444 3910; ppageno 0'>
   <div class='ocr_carea' id='block_1_1' title="bbox 155 169 815 230">
    <p class='ocr_par' dir='ltr' id='par_1_1' title="bbox 155 169 815 230">
     <span class='ocr_line' id='line_1_1' title="bbox 155 169 815 230; baseline -0.018 0"><span class='ocrx_word' id='word_1_1' title='bbox 155 169 197 230; x_wconf 80' lang='lat'><strong>40</strong></span> <span class='ocrx_word' id='word_1_2' title='bbox 495 173 525 222; x_wconf 89' lang='lat' dir='ltr'><strong>c.</strong></span> <span class='ocrx_word' id='word_1_3' title='bbox 546 173 642 220; x_wconf 79' lang='lat' dir='ltr'><strong>rcum</strong></span> <span class='ocrx_word' id='word_1_4' title='bbox 664 171 815 220; x_wconf 77' lang='lat' dir='ltr'><strong>securum</strong></span> 
     </span>
    </p>
   </div>
   <div class='ocr_carea' id='block_1_2' title="bbox 40 325 1196 3517">
    <p class='ocr_par' dir='ltr' id='par_1_2' title="bbox 40 325 1196 3517">
     <span class='ocr_line' id='line_1_2' title="bbox 115 325 1172 408; baseline -0.007 -13"><span class='ocrx_word' id='word_1_5' title='bbox 115 335 249 401; x_wconf 70' lang='lat' dir='ltr'><strong>stachen</strong></span> <span class='ocrx_word' id='word_1_6' title='bbox 271 332 392 408; x_wconf 83' lang='lat' dir='ltr'><strong>Pymus,</strong></span> <span class='ocrx_word' id='word_1_7' title='bbox 415 339 564 407; x_wconf 73' lang='lat' dir='ltr'><strong>utramque</strong></span> <span class='ocrx_word' id='word_1_8' title='bbox 588 329 616 385; x_wconf 91' lang='lat' dir='ltr'><strong>ln</strong></span> <span class='ocrx_word' id='word_1_9' title='bbox 641 325 737 387; x_wconf 79' lang='lat' dir='ltr'><strong>Creta.</strong></span> <span class='ocrx_word' id='word_1_10' title='bbox 781 343 897 386; x_wconf 87' lang='lat' dir='ltr'><strong>versum</strong></span> <span class='ocrx_word' id='word_1_11' title='bbox 918 326 1041 386; x_wconf 84' lang='lat' dir='ltr'><strong>heroum</strong></span> <span class='ocrx_word' id='word_1_12' title='bbox 1064 327 1172 403; x_wconf 80' lang='lat' dir='ltr'><strong>Pythia</strong></span> 
     </span>
     <span class='ocr_line' id='line_1_3' title="bbox 158 413 1169 492; baseline -0.007 -14"><span class='ocrx_word' id='word_1_13' title='bbox 158 417 278 478; x_wconf 87' lang='lat' dir='ltr'><strong>oraculo</strong></span> <span class='ocrx_word' id='word_1_14' title='bbox 295 415 442 478; x_wconf 86' lang='lat' dir='ltr'><strong>debemus.</strong></span> <span class='ocrx_word' id='word_1_15' title='bbox 474 414 510 474; x_wconf 91' lang='lat' dir='ltr'><strong>de</strong></span> <span class='ocrx_word' id='word_1_16' title='bbox 527 420 688 492; x_wconf 85' lang='lat' dir='ltr'><strong>poematum</strong></span> <span class='ocrx_word' id='word_1_17' title='bbox 705 413 816 488; x_wconf 82' lang='lat' dir='ltr'><strong>origine</strong></span> <span class='ocrx_word' id='word_1_18' title='bbox 836 427 938 488; x_wconf 83' lang='lat' dir='ltr'><strong>magua</strong></span> <span class='ocrx_word' id='word_1_19' title='bbox 955 414 1097 488; x_wconf 73' lang='lat' dir='ltr'><strong>quaestio</strong></span> <span class='ocrx_word' id='word_1_20' title='bbox 1113 421 1169 471; x_wconf 84' lang='lat' dir='ltr'><strong>est</strong></span> 
     </span>
     <span class='ocr_line' id='line_1_4' title="bbox 158 495 1171 575; baseline -0.005 -14"><span class='ocrx_word' id='word_1_21' title='bbox 158 511 223 562; x_wconf 87' lang='lat' dir='ltr'><strong>ante</strong></span> <span class='ocrx_word' id='word_1_22' title='bbox 248 499 399 562; x_wconf 79' lang='lat' dir='ltr'><strong>Troianum</strong></span> <span class='ocrx_word' id='word_1_23' title='bbox 423 499 531 558; x_wconf 88' lang='lat' dir='ltr'><strong>bellum</strong></span> <span class='ocrx_word' id='word_1_24' title='bbox 552 495 715 575; x_wconf 85' lang='lat' dir='ltr'><strong>probantur</strong></span> <span class='ocrx_word' id='word_1_25' title='bbox 729 495 829 556; x_wconf 85' lang='lat' dir='ltr'><strong>icisse.</strong></span> <span class='ocrx_word' id='word_1_26' title='bbox 861 511 977 574; x_wconf 82' lang='lat' dir='ltr'><strong>prosam</strong></span> <span class='ocrx_word' id='word_1_27' title='bbox 1001 498 1171 556; x_wconf 73' lang='lat' dir='ltr'><strong>orationem</strong></span> 
     </span>
     <span class='ocr_line' id='line_1_5' title="bbox 158 577 1170 658; baseline -0.007 -12"><span class='ocrx_word' id='word_1_28' title='bbox 158 587 284 646; x_wconf 88' lang='lat' dir='ltr'><strong>condere</strong></span> <span class='ocrx_word' id='word_1_29' title='bbox 302 582 489 658; x_wconf 74' lang='lat' dir='ltr'><strong>Pherecydes</strong></span> <span class='ocrx_word' id='word_1_30' title='bbox 504 583 604 656; x_wconf 86' lang='lat' dir='ltr'><strong>Syrius</strong></span> <span class='ocrx_word' id='word_1_31' title='bbox 620 581 738 640; x_wconf 82' lang='lat' dir='ltr'><strong>hrstituit</strong></span> <span class='ocrx_word' id='word_1_32' title='bbox 756 577 825 656; x_wconf 86' lang='lat' dir='ltr'><strong>Gyri</strong></span> <span class='ocrx_word' id='word_1_33' title='bbox 841 580 920 655; x_wconf 88' lang='lat' dir='ltr'><strong>regis</strong></span> <span class='ocrx_word' id='word_1_34' title='bbox 939 587 1057 654; x_wconf 88' lang='lat' dir='ltr'><strong>aetate,</strong></span> <span class='ocrx_word' id='word_1_35' title='bbox 1078 580 1170 639; x_wconf 87' lang='lat' dir='ltr'><strong>histo-</strong></span> 
     </span>
     <span class='ocr_line' id='line_1_6' title="bbox 156 662 1168 741; baseline -0.009 -10"><span class='ocrx_word' id='word_1_36' title='bbox 156 674 225 732; x_wconf 91' lang='lat' dir='ltr'><strong>riam</strong></span> <span class='ocrx_word' id='word_1_37' title='bbox 249 667 373 730; x_wconf 78' lang='lat' dir='ltr'><strong>Cadmus</strong></span> <span class='ocrx_word' id='word_1_38' title='bbox 389 667 535 741; x_wconf 87' lang='lat' dir='ltr'><strong>blilesius,</strong></span> <span class='ocrx_word' id='word_1_39' title='bbox 557 664 641 725; x_wconf 92' lang='lat' dir='ltr'><strong>ludos</strong></span> <span class='ocrx_word' id='word_1_40' title='bbox 663 666 815 741; x_wconf 80' lang='lat' dir='ltr'><strong>gymnicos</strong></span> <span class='ocrx_word' id='word_1_41' title='bbox 835 664 862 722; x_wconf 86' lang='lat' dir='ltr'><strong>in</strong></span> <span class='ocrx_word' id='word_1_42' title='bbox 884 662 1010 723; x_wconf 89' lang='lat' dir='ltr'><strong>Arcadia</strong></span> <span class='ocrx_word' id='word_1_43' title='bbox 1033 662 1168 738; x_wconf 80' lang='lat' dir='ltr'><strong>Lycaon,</strong></span> 
     </span>
     <span class='ocr_line' id='line_1_7' title="bbox 156 745 1170 827; baseline -0.009 -12"><span class='ocrx_word' id='word_1_44' title='bbox 156 753 286 815; x_wconf 86' lang='lat' dir='ltr'><strong>iunebns</strong></span> <span class='ocrx_word' id='word_1_45' title='bbox 301 753 428 811; x_wconf 85' lang='lat' dir='ltr'><strong>Acastus</strong></span> <span class='ocrx_word' id='word_1_46' title='bbox 445 748 543 824; x_wconf 86' lang='lat' dir='ltr'><strong>lcleo,</strong></span> <span class='ocrx_word' id='word_1_47' title='bbox 561 756 629 827; x_wconf 90' lang='lat' dir='ltr'><strong>post</strong></span> <span class='ocrx_word' id='word_1_48' title='bbox 645 765 709 807; x_wconf 90' lang='lat' dir='ltr'><strong>eum</strong></span> <span class='ocrx_word' id='word_1_49' title='bbox 725 747 880 807; x_wconf 83' lang='lat' dir='ltr'><strong>Theseus</strong></span> <span class='ocrx_word' id='word_1_50' title='bbox 872 765 900 806; x_wconf 87' lang='grc' dir='ltr'><strong>ιι</strong></span> <span class='ocrx_word' id='word_1_51' title='bbox 915 745 1035 822; x_wconf 90' lang='lat' dir='ltr'><strong>Isthmo</strong></span> <span class='ocrx_word' id='word_1_52' title='bbox 1055 747 1170 808; x_wconf 76' lang='lat' dir='ltr'><strong>lieren</strong></span> 
     </span>
     <span class='ocr_line' id='line_1_8' title="bbox 51 829 1170 914; baseline -0.008 -14"><span class='ocrx_word' id='word_1_53' title='bbox 51 870 58 882; x_wconf 91' lang='lat'>·</span> <span class='ocrx_word' id='word_1_54' title='bbox 156 839 201 899; x_wconf 89' lang='lat' dir='ltr'><strong>les</strong></span> <span class='ocrx_word' id='word_1_55' title='bbox 218 837 369 914; x_wconf 77' lang='lat' dir='ltr'><strong>Olympiae</strong></span> <span class='ocrx_word' id='word_1_56' title='bbox 386 834 566 908; x_wconf 88' lang='lat' dir='ltr'><strong>athleticam,</strong></span> <span class='ocrx_word' id='word_1_57' title='bbox 587 832 694 907; x_wconf 86' lang='lat' dir='ltr'><strong>Pythus</strong></span> <span class='ocrx_word' id='word_1_58' title='bbox 711 832 796 909; x_wconf 89' lang='lat' dir='ltr'><strong>pilam</strong></span> <span class='ocrx_word' id='word_1_59' title='bbox 813 831 967 904; x_wconf 88' lang='lat' dir='ltr'><strong>lusoriam,</strong></span> <span class='ocrx_word' id='word_1_60' title='bbox 991 829 1101 908; x_wconf 81' lang='lat' dir='ltr'><strong>Gyges</strong></span> <span class='ocrx_word' id='word_1_61' title='bbox 1116 831 1170 908; x_wconf 84' lang='lat' dir='ltr'><strong>by·</strong></span> 
     </span>
     <span class='ocr_line' id='line_1_9' title="bbox 156 913 1170 998; baseline -0.007 -16"><span class='ocrx_word' id='word_1_62' title='bbox 156 923 210 983; x_wconf 90' lang='lat' dir='ltr'><strong>dns</strong></span> <span class='ocrx_word' id='word_1_63' title='bbox 232 923 372 998; x_wconf 78' lang='lat' dir='ltr'>picturam</span> <span class='ocrx_word' id='word_1_64' title='bbox 404 917 549 995; x_wconf 87' lang='lat' dir='ltr'><strong>Aegypti,</strong></span> <span class='ocrx_word' id='word_1_65' title='bbox 578 925 608 975; x_wconf 87' lang='lat' dir='ltr'><strong>et</strong></span> <span class='ocrx_word' id='word_1_66' title='bbox 630 918 658 974; x_wconf 93' lang='lat' dir='ltr'><strong>in</strong></span> <span class='ocrx_word' id='word_1_67' title='bbox 680 915 802 976; x_wconf 82' lang='lat' dir='ltr'><strong>Graecia</strong></span> <span class='ocrx_word' id='word_1_68' title='bbox 829 913 937 975; x_wconf 80' lang='lat' dir='ltr'><strong>Euchir</strong></span> <span class='ocrx_word' id='word_1_69' title='bbox 962 914 1094 976; x_wconf 76' lang='lat' dir='ltr'><strong>Daedali</strong></span> <span class='ocrx_word' id='word_1_70' title='bbox 1123 933 1170 975; x_wconf 75' lang='lat' dir='ltr'><strong>co</strong></span> 
     </span>
     <span class='ocr_line' id='line_1_10' title="bbox 156 999 1169 1083; baseline -0.005 -20"><span class='ocrx_word' id='word_1_71' title='bbox 156 1014 260 1083; x_wconf 82' lang='lat' dir='ltr'><strong>gnatus</strong></span> <span class='ocrx_word' id='word_1_72' title='bbox 279 1011 309 1061; x_wconf 89' lang='lat' dir='ltr'><strong>ut</strong></span> <span class='ocrx_word' id='word_1_73' title='bbox 321 1002 474 1062; x_wconf 89' lang='lat' dir='ltr'><strong>Aristoteli</strong></span> <span class='ocrx_word' id='word_1_74' title='bbox 489 999 602 1079; x_wconf 89' lang='lat' dir='ltr'><strong>placet,</strong></span> <span class='ocrx_word' id='word_1_75' title='bbox 619 1009 650 1059; x_wconf 90' lang='lat' dir='ltr'><strong>ut</strong></span> <span class='ocrx_word' id='word_1_76' title='bbox 665 999 867 1078; x_wconf 80' lang='lat' dir='ltr'><strong>&#39;Pheopbrasto</strong></span> <span class='ocrx_word' id='word_1_77' title='bbox 881 999 1064 1076; x_wconf 82' lang='lat' dir='ltr'><strong>Polygnotus</strong></span> <span class='ocrx_word' id='word_1_78' title='bbox 1078 1000 1169 1059; x_wconf 86' lang='lat' dir='ltr'><strong>Athe·</strong></span> 
     </span>
     <span class='ocr_line' id='line_1_11' title="bbox 114 1083 1168 1164; baseline -0.007 -17"><span class='ocrx_word' id='word_1_79' title='bbox 114 1087 290 1154; x_wconf 73' lang='lat' dir='ltr'><strong>ananiensis.</strong></span> <span class='ocrx_word' id='word_1_80' title='bbox 307 1103 380 1145; x_wconf 90' lang='lat' dir='ltr'><strong>nave</strong></span> <span class='ocrx_word' id='word_1_81' title='bbox 393 1087 502 1164; x_wconf 85' lang='lat' dir='ltr'><strong>primus</strong></span> <span class='ocrx_word' id='word_1_82' title='bbox 512 1088 540 1144; x_wconf 88' lang='lat' dir='ltr'><strong>in</strong></span> <span class='ocrx_word' id='word_1_83' title='bbox 550 1083 699 1145; x_wconf 76' lang='lat' dir='ltr'><strong>Graeciam</strong></span> <span class='ocrx_word' id='word_1_84' title='bbox 712 1103 749 1144; x_wconf 86' lang='lat' dir='ltr'><strong>ex</strong></span> <span class='ocrx_word' id='word_1_85' title='bbox 760 1084 898 1162; x_wconf 86' lang='lat' dir='ltr'><strong>Aegypto</strong></span> <span class='ocrx_word' id='word_1_86' title='bbox 907 1083 1023 1142; x_wconf 90' lang='lat' dir='ltr'><strong>Danaus</strong></span> <span class='ocrx_word' id='word_1_87' title='bbox 1036 1083 1168 1144; x_wconf 87' lang='lat' dir='ltr'><strong>advenit.</strong></span> 
     </span>
     <span class='ocr_line' id='line_1_12' title="bbox 156 1167 1169 1247; baseline -0.005 -15"><span class='ocrx_word' id='word_1_88' title='bbox 156 1179 241 1233; x_wconf 90' lang='lat' dir='ltr'><strong>antea</strong></span> <span class='ocrx_word' id='word_1_89' title='bbox 256 1167 365 1228; x_wconf 86' lang='lat' dir='ltr'><strong>ratibus</strong></span> <span class='ocrx_word' id='word_1_90' title='bbox 381 1168 569 1247; x_wconf 79' lang='lat' dir='ltr'><strong>navigabatur</strong></span> <span class='ocrx_word' id='word_1_91' title='bbox 581 1170 704 1228; x_wconf 87' lang='lat' dir='ltr'><strong>inventis</strong></span> <span class='ocrx_word' id='word_1_92' title='bbox 720 1170 747 1227; x_wconf 94' lang='lat' dir='ltr'><strong>in</strong></span> <span class='ocrx_word' id='word_1_93' title='bbox 763 1170 833 1227; x_wconf 85' lang='lat' dir='ltr'><strong>mari</strong></span> <span class='ocrx_word' id='word_1_94' title='bbox 849 1167 948 1227; x_wconf 84' lang='lat' dir='ltr'><strong>Rubro</strong></span> <span class='ocrx_word' id='word_1_95' title='bbox 964 1170 1044 1230; x_wconf 74' lang='lat' dir='ltr'><strong>inter</strong></span> <span class='ocrx_word' id='word_1_96' title='bbox 1056 1169 1169 1227; x_wconf 87' lang='lat' dir='ltr'><strong>insulas</strong></span> 
     </span>
     <span class='ocr_line' id='line_1_13' title="bbox 155 1249 1169 1332; baseline -0.006 -16"><span class='ocrx_word' id='word_1_97' title='bbox 155 1273 260 1332; x_wconf 84' lang='lat' dir='ltr'><strong>arege</strong></span> <span class='ocrx_word' id='word_1_98' title='bbox 279 1253 412 1329; x_wconf 81' lang='lat' dir='ltr'><strong>Erythra.</strong></span> <span class='ocrx_word' id='word_1_99' title='bbox 443 1255 627 1332; x_wconf 89' lang='lat' dir='ltr'><strong>reperiuntur</strong></span> <span class='ocrx_word' id='word_1_100' title='bbox 648 1254 697 1330; x_wconf 89' lang='lat' dir='ltr'><strong>qui</strong></span> <span class='ocrx_word' id='word_1_101' title='bbox 717 1250 816 1328; x_wconf 89' lang='lat' dir='ltr'><strong>blysos</strong></span> <span class='ocrx_word' id='word_1_102' title='bbox 835 1261 864 1312; x_wconf 87' lang='lat' dir='ltr'><strong>et</strong></span> <span class='ocrx_word' id='word_1_103' title='bbox 883 1249 1026 1312; x_wconf 83' lang='lat' dir='ltr'><strong>Troianos</strong></span> <span class='ocrx_word' id='word_1_104' title='bbox 1051 1253 1169 1330; x_wconf 85' lang='lat' dir='ltr'><strong>priores</strong></span> 
     </span>
     <span class='ocr_line' id='line_1_14' title="bbox 157 1335 1168 1417; baseline -0.006 -15"><span class='ocrx_word' id='word_1_105' title='bbox 157 1340 345 1417; x_wconf 72' lang='lat' dir='ltr'><strong>excogitasse</strong></span> <span class='ocrx_word' id='word_1_106' title='bbox 367 1339 394 1398; x_wconf 94' lang='lat' dir='ltr'><strong>in</strong></span> <span class='ocrx_word' id='word_1_107' title='bbox 414 1337 607 1415; x_wconf 80' lang='lat' dir='ltr'><strong>Hellesponto</strong></span> <span class='ocrx_word' id='word_1_108' title='bbox 629 1345 745 1414; x_wconf 88' lang='lat' dir='ltr'><strong>putent,</strong></span> <span class='ocrx_word' id='word_1_109' title='bbox 771 1353 835 1396; x_wconf 91' lang='lat' dir='ltr'><strong>curn</strong></span> <span class='ocrx_word' id='word_1_110' title='bbox 852 1337 1007 1396; x_wconf 80' lang='lat' dir='ltr'><strong>transirent</strong></span> <span class='ocrx_word' id='word_1_111' title='bbox 1025 1335 1168 1396; x_wconf 81' lang='lat' dir='ltr'><strong>adversas</strong></span> 
     </span>
     <span class='ocr_line' id='line_1_15' title="bbox 157 1420 1168 1484; baseline -0.005 0"><span class='ocrx_word' id='word_1_112' title='bbox 157 1425 295 1484; x_wconf 79' lang='lat' dir='ltr'><strong>Thracas.</strong></span> <span class='ocrx_word' id='word_1_113' title='bbox 333 1424 493 1482; x_wconf 83' lang='lat' dir='ltr'><strong>etiamnunc</strong></span> <span class='ocrx_word' id='word_1_114' title='bbox 513 1423 541 1480; x_wconf 92' lang='lat' dir='ltr'><strong>in</strong></span> <span class='ocrx_word' id='word_1_115' title='bbox 562 1421 726 1480; x_wconf 86' lang='lat' dir='ltr'><strong>Britannico</strong></span> <span class='ocrx_word' id='word_1_116' title='bbox 748 1437 861 1481; x_wconf 90' lang='lat' dir='ltr'><strong>oceano</strong></span> <span class='ocrx_word' id='word_1_117' title='bbox 884 1420 982 1480; x_wconf 89' lang='lat' dir='ltr'><strong>vitiles</strong></span> <span class='ocrx_word' id='word_1_118' title='bbox 1006 1423 1096 1479; x_wconf 87' lang='lat' dir='ltr'><strong>corio</strong></span> <span class='ocrx_word' id='word_1_119' title='bbox 1119 1422 1168 1479; x_wconf 87' lang='lat' dir='ltr'><strong>eir·</strong></span> 
     </span>
     <span class='ocr_line' id='line_1_16' title="bbox 157 1503 1165 1582; baseline -0.005 -14"><span class='ocrx_word' id='word_1_120' title='bbox 157 1517 304 1568; x_wconf 86' lang='lat' dir='ltr'><strong>eumsutae</strong></span> <span class='ocrx_word' id='word_1_121' title='bbox 330 1507 413 1581; x_wconf 86' lang='lat' dir='ltr'><strong>hunt,</strong></span> <span class='ocrx_word' id='word_1_122' title='bbox 437 1508 466 1564; x_wconf 90' lang='lat' dir='ltr'><strong>in</strong></span> <span class='ocrx_word' id='word_1_123' title='bbox 486 1505 553 1564; x_wconf 90' lang='lat' dir='ltr'><strong>Nilo</strong></span> <span class='ocrx_word' id='word_1_124' title='bbox 576 1523 613 1564; x_wconf 89' lang='lat' dir='ltr'><strong>ex</strong></span> <span class='ocrx_word' id='word_1_125' title='bbox 640 1521 751 1582; x_wconf 77' lang='lat' dir='ltr'><strong>papyro</strong></span> <span class='ocrx_word' id='word_1_126' title='bbox 775 1513 804 1563; x_wconf 91' lang='lat' dir='ltr'><strong>et</strong></span> <span class='ocrx_word' id='word_1_127' title='bbox 822 1507 920 1582; x_wconf 89' lang='lat' dir='ltr'><strong>scirpo</strong></span> <span class='ocrx_word' id='word_1_128' title='bbox 942 1514 971 1563; x_wconf 88' lang='lat' dir='ltr'><strong>et</strong></span> <span class='ocrx_word' id='word_1_129' title='bbox 990 1503 1165 1564; x_wconf 83' lang='lat' dir='ltr'><strong>harundine.</strong></span> 
     </span>
     <span class='ocr_line' id='line_1_17' title="bbox 114 1588 1168 1667; baseline -0.008 -13"><span class='ocrx_word' id='word_1_130' title='bbox 114 1601 164 1656; x_wconf 77' lang='lat'><strong>207</strong></span> <span class='ocrx_word' id='word_1_131' title='bbox 174 1593 262 1667; x_wconf 86' lang='lat' dir='ltr'><strong>longa</strong></span> <span class='ocrx_word' id='word_1_132' title='bbox 274 1607 347 1648; x_wconf 90' lang='lat' dir='ltr'><strong>nave</strong></span> <span class='ocrx_word' id='word_1_133' title='bbox 361 1589 493 1650; x_wconf 90' lang='lat' dir='ltr'><strong>lasonem</strong></span> <span class='ocrx_word' id='word_1_134' title='bbox 506 1591 626 1667; x_wconf 86' lang='lat' dir='ltr'><strong>primum</strong></span> <span class='ocrx_word' id='word_1_135' title='bbox 637 1590 792 1665; x_wconf 78' lang='lat' dir='ltr'><strong>navigasse</strong></span> <span class='ocrx_word' id='word_1_136' title='bbox 805 1588 1049 1666; x_wconf 80' lang='lat' dir='ltr'><strong>Philostephanus</strong></span> <span class='ocrx_word' id='word_1_137' title='bbox 1065 1599 1168 1648; x_wconf 91' lang='lat' dir='ltr'><strong>auctor</strong></span> 
     </span>
     <span class='ocr_line' id='line_1_18' title="bbox 157 1670 1168 1752; baseline -0.002 -18"><span class='ocrx_word' id='word_1_138' title='bbox 157 1683 218 1750; x_wconf 88' lang='lat' dir='ltr'><strong>est,</strong></span> <span class='ocrx_word' id='word_1_139' title='bbox 242 1671 385 1750; x_wconf 81' lang='lat' dir='ltr'><strong>Hegesias</strong></span> <span class='ocrx_word' id='word_1_140' title='bbox 409 1673 561 1748; x_wconf 71' lang='lat' dir='ltr'><strong>Paralum,</strong></span> <span class='ocrx_word' id='word_1_141' title='bbox 583 1670 696 1733; x_wconf 76' lang='lat' dir='ltr'><strong>Ctesias</strong></span> <span class='ocrx_word' id='word_1_142' title='bbox 723 1674 915 1752; x_wconf 87' lang='lat' dir='ltr'><strong>Samiramim,</strong></span> <span class='ocrx_word' id='word_1_143' title='bbox 944 1672 1168 1732; x_wconf 86' lang='lat' dir='ltr'><strong>Archemachm</strong></span> 
     </span>
     <span class='ocr_line' id='line_1_19' title="bbox 156 1717 1167 1834; baseline -0.004 -16"><span class='ocrx_word' id='word_1_144' title='bbox 156 1759 355 1834; x_wconf 82' lang='lat' dir='ltr'><strong>Aegaeonem,</strong></span> <span class='ocrx_word' id='word_1_145' title='bbox 371 1757 510 1817; x_wconf 89' lang='lat' dir='ltr'><strong>biremem</strong></span> <span class='ocrx_word' id='word_1_146' title='bbox 522 1755 674 1817; x_wconf 91' lang='lat' dir='ltr'><strong>Damastes</strong></span> <span class='ocrx_word' id='word_1_147' title='bbox 685 1753 863 1832; x_wconf 81' lang='lat' dir='ltr'><strong>Erythraeos</strong></span> <span class='ocrx_word' id='word_1_148' title='bbox 879 1717 1000 1829; x_wconf 74' lang='lat' dir='ltr'><strong>subisse,</strong></span> <span class='ocrx_word' id='word_1_149' title='bbox 1018 1759 1167 1816; x_wconf 82' lang='lat' dir='ltr'><strong>triremem</strong></span> 
     </span>
     <span class='ocr_line' id='line_1_20' title="bbox 104 1800 1167 1919; baseline -0.004 -18"><span class='ocrx_word' id='word_1_150' title='bbox 104 1859 105 1867; x_wconf 57' lang='lat'>¹</span> <span class='ocrx_word' id='word_1_151' title='bbox 157 1841 340 1915; x_wconf 79' lang='lat' dir='ltr'><strong>Thucydides</strong></span> <span class='ocrx_word' id='word_1_152' title='bbox 356 1840 529 1901; x_wconf 89' lang='lat' dir='ltr'><strong>Aminoclen</strong></span> <span class='ocrx_word' id='word_1_153' title='bbox 548 1838 725 1900; x_wconf 78' lang='lat' dir='ltr'><strong>Corinthium</strong></span> <span class='ocrx_word' id='word_1_154' title='bbox 733 1842 969 1919; x_wconf 86' lang='lat' dir='ltr'><strong>,quadriremem</strong></span> <span class='ocrx_word' id='word_1_155' title='bbox 986 1800 1167 1900; x_wconf 81' lang='lat' dir='ltr'><strong>Aristoteles</strong></span> 
     </span>
     <span class='ocr_line' id='line_1_21' title="bbox 114 1923 1180 2003; baseline -0.007 -14"><span class='ocrx_word' id='word_1_156' title='bbox 114 1923 437 2002; x_wconf 78' lang='lat' dir='ltr'><strong>macachagintsnsts‚</strong></span> <span class='ocrx_word' id='word_1_157' title='bbox 455 1927 689 2003; x_wconf 85' lang='lat' dir='ltr'><strong>quinqueremem</strong></span> <span class='ocrx_word' id='word_1_158' title='bbox 706 1923 880 2002; x_wconf 83' lang='lat' dir='ltr'><strong>blnesigitcn</strong></span> <span class='ocrx_word' id='word_1_159' title='bbox 901 1925 1094 1998; x_wconf 83' lang='lat' dir='ltr'><strong>Salaminios,</strong></span> <span class='ocrx_word' id='word_1_160' title='bbox 1117 1941 1180 1984; x_wconf 85' lang='lat' dir='ltr'><strong>ser</strong></span> 
     </span>
     <span class='ocr_line' id='line_1_22' title="bbox 157 2007 1166 2089; baseline -0.001 -20"><span class='ocrx_word' id='word_1_161' title='bbox 157 2011 286 2089; x_wconf 87' lang='lat' dir='ltr'><strong>ordinum</strong></span> <span class='ocrx_word' id='word_1_162' title='bbox 302 2007 474 2084; x_wconf 86' lang='lat' dir='ltr'><strong>Xenagoras</strong></span> <span class='ocrx_word' id='word_1_163' title='bbox 491 2009 674 2084; x_wconf 85' lang='lat' dir='ltr'><strong>Syracusios,</strong></span> <span class='ocrx_word' id='word_1_164' title='bbox 694 2009 730 2069; x_wconf 93' lang='lat' dir='ltr'><strong>ab</strong></span> <span class='ocrx_word' id='word_1_165' title='bbox 749 2027 783 2069; x_wconf 90' lang='lat' dir='ltr'><strong>ea</strong></span> <span class='ocrx_word' id='word_1_166' title='bbox 801 2010 837 2068; x_wconf 91' lang='lat' dir='ltr'><strong>ad</strong></span> <span class='ocrx_word' id='word_1_167' title='bbox 853 2010 1071 2071; x_wconf 88' lang='lat' dir='ltr'><strong>decemremem</strong></span> <span class='ocrx_word' id='word_1_168' title='bbox 1090 2008 1166 2068; x_wconf 87' lang='lat' dir='ltr'><strong>blne-</strong></span> 
     </span>
     <span class='ocr_line' id='line_1_23' title="bbox 156 2092 1189 2172; baseline -0.004 -19"><span class='ocrx_word' id='word_1_169' title='bbox 156 2096 263 2172; x_wconf 89' lang='lat' dir='ltr'><strong>sigiton</strong></span> <span class='ocrx_word' id='word_1_170' title='bbox 284 2093 479 2154; x_wconf 86' lang='lat' dir='ltr'><strong>Alexandrum</strong></span> <span class='ocrx_word' id='word_1_171' title='bbox 494 2092 647 2170; x_wconf 84' lang='lat' dir='ltr'><strong>blagnum,</strong></span> <span class='ocrx_word' id='word_1_172' title='bbox 669 2092 704 2153; x_wconf 92' lang='lat' dir='ltr'><strong>ad</strong></span> <span class='ocrx_word' id='word_1_173' title='bbox 719 2105 772 2152; x_wconf 89' lang='lat' dir='ltr'><strong>x11</strong></span> <span class='ocrx_word' id='word_1_174' title='bbox 788 2094 904 2152; x_wconf 87' lang='lat' dir='ltr'><strong>ordines</strong></span> <span class='ocrx_word' id='word_1_175' title='bbox 921 2093 1189 2170; x_wconf 87' lang='lat' dir='ltr'><strong>Philostephanus</strong></span> 
     </span>
     <span class='ocr_line' id='line_1_24' title="bbox 156 2175 1167 2257; baseline -0.005 -18"><span class='ocrx_word' id='word_1_176' title='bbox 156 2177 352 2240; x_wconf 89' lang='lat' dir='ltr'><strong>Ptolemaeum</strong></span> <span class='ocrx_word' id='word_1_177' title='bbox 368 2178 513 2256; x_wconf 84' lang='lat' dir='ltr'><strong>Soterem</strong></span> <span class='ocrx_word' id='word_1_178' title='bbox 533 2178 570 2238; x_wconf 87' lang='lat' dir='ltr'><strong>ad</strong></span> <span class='ocrx_word' id='word_1_179' title='bbox 587 2178 749 2257; x_wconf 86' lang='lat' dir='ltr'><strong>quindecim</strong></span> <span class='ocrx_word' id='word_1_180' title='bbox 765 2177 942 2236; x_wconf 85' lang='lat' dir='ltr'><strong>Demetrium</strong></span> <span class='ocrx_word' id='word_1_181' title='bbox 960 2176 1115 2254; x_wconf 83' lang='lat' dir='ltr'><strong>Antigoni,</strong></span> <span class='ocrx_word' id='word_1_182' title='bbox 1135 2175 1167 2235; x_wconf 90' lang='lat' dir='ltr'><strong>ad</strong></span> 
     </span>
     <span class='ocr_line' id='line_1_25' title="bbox 155 2225 1167 2340; baseline -0.004 -17"><span class='ocrx_word' id='word_1_183' title='bbox 155 2277 229 2323; x_wconf 85' lang='lat' dir='ltr'><strong>xxx</strong></span> <span class='ocrx_word' id='word_1_184' title='bbox 251 2263 452 2338; x_wconf 75' lang='lat' dir='ltr'><strong>Ptolemaeum¹</strong></span> <span class='ocrx_word' id='word_1_185' title='bbox 469 2225 704 2340; x_wconf 84' lang='lat' dir='ltr'><strong>Philadelphum,</strong></span> <span class='ocrx_word' id='word_1_186' title='bbox 726 2259 761 2320; x_wconf 92' lang='lat' dir='ltr'><strong>ad</strong></span> <span class='ocrx_word' id='word_1_187' title='bbox 781 2275 828 2320; x_wconf 73' lang='lat' dir='ltr'><strong>xc</strong></span> <span class='ocrx_word' id='word_1_188' title='bbox 850 2261 1048 2321; x_wconf 87' lang='lat' dir='ltr'><strong>Ptolemaeum</strong></span> <span class='ocrx_word' id='word_1_189' title='bbox 1067 2261 1167 2320; x_wconf 90' lang='lat' dir='ltr'><strong>Philo·</strong></span> 
     </span>
     <span class='ocr_line' id='line_1_26' title="bbox 156 2344 1194 2426; baseline -0.008 -18"><span class='ocrx_word' id='word_1_190' title='bbox 156 2358 287 2426; x_wconf 88' lang='lat' dir='ltr'><strong>patorem</strong></span> <span class='ocrx_word' id='word_1_191' title='bbox 306 2351 353 2425; x_wconf 92' lang='lat' dir='ltr'><strong>qui</strong></span> <span class='ocrx_word' id='word_1_192' title='bbox 374 2347 512 2426; x_wconf 84' lang='lat' dir='ltr'><strong>Tryphon</strong></span> <span class='ocrx_word' id='word_1_193' title='bbox 534 2349 752 2424; x_wconf 87' lang='lat' dir='ltr'><strong>cognominatus</strong></span> <span class='ocrx_word' id='word_1_194' title='bbox 774 2355 828 2404; x_wconf 91' lang='lat' dir='ltr'><strong>est.</strong></span> <span class='ocrx_word' id='word_1_195' title='bbox 867 2347 1029 2405; x_wconf 88' lang='lat' dir='ltr'><strong>onerariam</strong></span> <span class='ocrx_word' id='word_1_196' title='bbox 1052 2344 1194 2424; x_wconf 80' lang='lat' dir='ltr'><strong>llippusta</strong></span> 
     </span>
     <span class='ocr_line' id='line_1_27' title="bbox 156 2429 1166 2506; baseline -0.003 -16"><span class='ocrx_word' id='word_1_197' title='bbox 156 2430 258 2505; x_wconf 84' lang='lat' dir='ltr'><strong>Tyrius</strong></span> <span class='ocrx_word' id='word_1_198' title='bbox 273 2432 396 2504; x_wconf 88' lang='lat' dir='ltr'><strong>invenit,</strong></span> <span class='ocrx_word' id='word_1_199' title='bbox 413 2431 538 2491; x_wconf 87' lang='lat' dir='ltr'><strong>lembum</strong></span> <span class='ocrx_word' id='word_1_200' title='bbox 555 2429 756 2504; x_wconf 68' lang='lat' dir='ltr'><strong>Cyrenenses,</strong></span> <span class='ocrx_word' id='word_1_201' title='bbox 774 2429 903 2506; x_wconf 92' lang='lat' dir='ltr'><strong>cymbam</strong></span> <span class='ocrx_word' id='word_1_202' title='bbox 915 2429 1101 2504; x_wconf 89' lang='lat' dir='ltr'><strong>Phoenices,</strong></span> <span class='ocrx_word' id='word_1_203' title='bbox 1119 2447 1166 2488; x_wconf 89' lang='lat' dir='ltr'><strong>ce-</strong></span> 
     </span>
     <span class='ocr_line' id='line_1_28' title="bbox 114 2511 1167 2592; baseline -0.005 -17"><span class='ocrx_word' id='word_1_204' title='bbox 114 2515 264 2575; x_wconf 73' lang='lat' dir='ltr'><strong>tobielem</strong></span> <span class='ocrx_word' id='word_1_205' title='bbox 278 2511 398 2587; x_wconf 87' lang='lat' dir='ltr'><strong>Rhodii,</strong></span> <span class='ocrx_word' id='word_1_206' title='bbox 422 2530 574 2587; x_wconf 86' lang='lat' dir='ltr'><strong>cercyrum</strong></span> <span class='ocrx_word' id='word_1_207' title='bbox 592 2511 701 2592; x_wconf 76' lang='lat' dir='ltr'><strong>Cyprii.</strong></span> <span class='ocrx_word' id='word_1_208' title='bbox 741 2514 866 2574; x_wconf 91' lang='lat' dir='ltr'><strong>siderum</strong></span> <span class='ocrx_word' id='word_1_209' title='bbox 882 2513 1127 2572; x_wconf 86' lang='lat' dir='ltr'><strong>observationem</strong></span> <span class='ocrx_word' id='word_1_210' title='bbox 1141 2514 1167 2571; x_wconf 88' lang='lat' dir='ltr'><strong>iu</strong></span> 
     </span>
     <span class='ocr_line' id='line_1_29' title="bbox 155 2594 1167 2676; baseline 0.005 -25"><span class='ocrx_word' id='word_1_211' title='bbox 155 2595 317 2669; x_wconf 86' lang='lat' dir='ltr'><strong>navigando</strong></span> <span class='ocrx_word' id='word_1_212' title='bbox 341 2594 520 2672; x_wconf 87' lang='lat' dir='ltr'><strong>Phoenices,</strong></span> <span class='ocrx_word' id='word_1_213' title='bbox 542 2613 650 2656; x_wconf 87' lang='lat' dir='ltr'><strong>remum</strong></span> <span class='ocrx_word' id='word_1_214' title='bbox 675 2595 792 2676; x_wconf 76' lang='lat' dir='ltr'><strong>Copae,</strong></span> <span class='ocrx_word' id='word_1_215' title='bbox 816 2597 992 2656; x_wconf 87' lang='lat' dir='ltr'><strong>latitudinem</strong></span> <span class='ocrx_word' id='word_1_216' title='bbox 1015 2598 1081 2656; x_wconf 85' lang='lat' dir='ltr'><strong>eins</strong></span> <span class='ocrx_word' id='word_1_217' title='bbox 1105 2595 1167 2656; x_wconf 89' lang='lat' dir='ltr'><strong>Pla·</strong></span> 
     </span>
     <span class='ocr_line' id='line_1_30' title="bbox 40 2677 1168 2761; baseline 0.002 -25"><span class='ocrx_word' id='word_1_218' title='bbox 40 2698 44 2709; x_wconf 65' lang='lat'>=</span> <span class='ocrx_word' id='word_1_219' title='bbox 156 2687 257 2752; x_wconf 88' lang='lat' dir='ltr'><strong>taeae,</strong></span> <span class='ocrx_word' id='word_1_220' title='bbox 272 2678 339 2738; x_wconf 89' lang='lat' dir='ltr'><strong>vela</strong></span> <span class='ocrx_word' id='word_1_221' title='bbox 354 2677 472 2755; x_wconf 82' lang='lat' dir='ltr'><strong>icarus,</strong></span> <span class='ocrx_word' id='word_1_222' title='bbox 487 2680 591 2740; x_wconf 88' lang='lat' dir='ltr'><strong>malum</strong></span> <span class='ocrx_word' id='word_1_223' title='bbox 610 2689 640 2739; x_wconf 88' lang='lat' dir='ltr'><strong>et</strong></span> <span class='ocrx_word' id='word_1_224' title='bbox 656 2691 806 2741; x_wconf 86' lang='lat' dir='ltr'><strong>antennam</strong></span> <span class='ocrx_word' id='word_1_225' title='bbox 820 2681 987 2756; x_wconf 87' lang='lat' dir='ltr'><strong>Daedalus,</strong></span> <span class='ocrx_word' id='word_1_226' title='bbox 1000 2677 1168 2761; x_wconf 84' lang='lat' dir='ltr'><strong>hippegum</strong></span> 
     </span>
     <span class='ocr_line' id='line_1_31' title="bbox 53 2761 1195 2854; baseline 0.009 -36"><span class='ocrx_word' id='word_1_227' title='bbox 53 2807 60 2818; x_wconf 91' lang='lat'><strong>.</strong></span> <span class='ocrx_word' id='word_1_228' title='bbox 129 2829 137 2854; x_wconf 50' lang='grc'><strong><em>,</em></strong></span> <span class='ocrx_word' id='word_1_229' title='bbox 156 2761 242 2821; x_wconf 84' lang='lat' dir='ltr'><strong>Samii</strong></span> <span class='ocrx_word' id='word_1_230' title='bbox 267 2770 314 2820; x_wconf 91' lang='lat' dir='ltr'><strong>aut</strong></span> <span class='ocrx_word' id='word_1_231' title='bbox 335 2761 465 2822; x_wconf 90' lang='lat' dir='ltr'><strong>Pericles</strong></span> <span class='ocrx_word' id='word_1_232' title='bbox 481 2764 683 2840; x_wconf 85' lang='lat' dir='ltr'><strong>Atheniensis,</strong></span> <span class='ocrx_word' id='word_1_233' title='bbox 706 2775 798 2826; x_wconf 81' lang='lat' dir='ltr'><strong>tectas</strong></span> <span class='ocrx_word' id='word_1_234' title='bbox 815 2766 917 2842; x_wconf 84' lang='lat' dir='ltr'><strong>longas</strong></span> <span class='ocrx_word' id='word_1_235' title='bbox 941 2763 1056 2840; x_wconf 83' lang='lat' dir='ltr'><strong>Thasii,</strong></span> <span class='ocrx_word' id='word_1_236' title='bbox 1079 2773 1195 2828; x_wconf 78' lang='lat' dir='ltr'><strong>anteaaa</strong></span> 
     </span>
     <span class='ocr_line' id='line_1_32' title="bbox 156 2847 1168 2928; baseline 0 -22"><span class='ocrx_word' id='word_1_237' title='bbox 156 2862 194 2906; x_wconf 86' lang='lat' dir='ltr'><strong>ex</strong></span> <span class='ocrx_word' id='word_1_238' title='bbox 210 2861 298 2924; x_wconf 89' lang='lat' dir='ltr'><strong>prora</strong></span> <span class='ocrx_word' id='word_1_239' title='bbox 314 2853 420 2906; x_wconf 86' lang='lat' dir='ltr'><strong>tanturn</strong></span> <span class='ocrx_word' id='word_1_240' title='bbox 438 2857 466 2907; x_wconf 92' lang='lat' dir='ltr'><strong>et</strong></span> <span class='ocrx_word' id='word_1_241' title='bbox 481 2851 572 2928; x_wconf 89' lang='lat' dir='ltr'><strong>puppi</strong></span> <span class='ocrx_word' id='word_1_242' title='bbox 587 2849 777 2928; x_wconf 87' lang='lat' dir='ltr'><strong>pugnabatur.</strong></span> <span class='ocrx_word' id='word_1_243' title='bbox 809 2859 904 2909; x_wconf 87' lang='lat' dir='ltr'><strong>rostra</strong></span> <span class='ocrx_word' id='word_1_244' title='bbox 920 2847 1027 2909; x_wconf 89' lang='lat' dir='ltr'><strong>addidit</strong></span> <span class='ocrx_word' id='word_1_245' title='bbox 1043 2847 1168 2908; x_wconf 87' lang='lat' dir='ltr'><strong>Pisaeus</strong></span> 
     </span>
     <span class='ocr_line' id='line_1_33' title="bbox 155 2929 1167 3012; baseline 0.001 -23"><span class='ocrx_word' id='word_1_246' title='bbox 155 2929 313 3006; x_wconf 83' lang='lat' dir='ltr'><strong>Tyrrenus,</strong></span> <span class='ocrx_word' id='word_1_247' title='bbox 329 2947 464 3010; x_wconf 88' lang='lat' dir='ltr'><strong>ancoram</strong></span> <span class='ocrx_word' id='word_1_248' title='bbox 475 2931 662 3012; x_wconf 81' lang='lat' dir='ltr'><strong>Eupalamus,</strong></span> <span class='ocrx_word' id='word_1_249' title='bbox 679 2934 799 2994; x_wconf 85' lang='lat' dir='ltr'><strong>candem</strong></span> <span class='ocrx_word' id='word_1_250' title='bbox 813 2932 959 2993; x_wconf 87' lang='lat' dir='ltr'><strong>bidentem</strong></span> <span class='ocrx_word' id='word_1_251' title='bbox 972 2931 1167 3007; x_wconf 87' lang='lat' dir='ltr'><strong>Anacharsis,</strong></span> 
     </span>
     <span class='ocr_line' id='line_1_34' title="bbox 154 3015 1167 3094; baseline 0.002 -20"><span class='ocrx_word' id='word_1_252' title='bbox 154 3015 341 3094; x_wconf 89' lang='lat' dir='ltr'><strong>harpagones</strong></span> <span class='ocrx_word' id='word_1_253' title='bbox 358 3024 386 3074; x_wconf 89' lang='lat' dir='ltr'><strong>et</strong></span> <span class='ocrx_word' id='word_1_254' title='bbox 397 3034 496 3076; x_wconf 90' lang='lat' dir='ltr'><strong>manus</strong></span> <span class='ocrx_word' id='word_1_255' title='bbox 511 3018 642 3078; x_wconf 87' lang='lat' dir='ltr'><strong>Pericles</strong></span> <span class='ocrx_word' id='word_1_256' title='bbox 654 3018 852 3093; x_wconf 84' lang='lat' dir='ltr'><strong>Atheniensis,</strong></span> <span class='ocrx_word' id='word_1_257' title='bbox 869 3016 1040 3078; x_wconf 85' lang='lat' dir='ltr'><strong>adminicula</strong></span> <span class='ocrx_word' id='word_1_258' title='bbox 1057 3015 1167 3092; x_wconf 84' lang='lat' dir='ltr'><strong>guber·</strong></span> 
     </span>
     <span class='ocr_line' id='line_1_35' title="bbox 155 3097 1165 3181; baseline 0 -23"><span class='ocrx_word' id='word_1_259' title='bbox 155 3100 239 3159; x_wconf 90' lang='lat' dir='ltr'><strong>nandi</strong></span> <span class='ocrx_word' id='word_1_260' title='bbox 256 3097 374 3177; x_wconf 81' lang='lat' dir='ltr'><strong>Tiphys.</strong></span> <span class='ocrx_word' id='word_1_261' title='bbox 402 3099 497 3162; x_wconf 87' lang='lat' dir='ltr'><strong>classe</strong></span> <span class='ocrx_word' id='word_1_262' title='bbox 515 3104 653 3180; x_wconf 84' lang='lat' dir='ltr'><strong>princeps</strong></span> <span class='ocrx_word' id='word_1_263' title='bbox 668 3103 845 3181; x_wconf 85' lang='lat' dir='ltr'><strong>depugnavit</strong></span> <span class='ocrx_word' id='word_1_264' title='bbox 859 3101 963 3162; x_wconf 89' lang='lat' dir='ltr'><strong>blinos.</strong></span> <span class='ocrx_word' id='word_1_265' title='bbox 990 3099 1095 3160; x_wconf 83' lang='lat' dir='ltr'><strong>animal</strong></span> <span class='ocrx_word' id='word_1_266' title='bbox 1116 3117 1165 3159; x_wconf 88' lang='lat' dir='ltr'><strong>ce·</strong></span> 
     </span>
     <span class='ocr_line' id='line_1_36' title="bbox 156 3183 1196 3262; baseline 0.003 -20"><span class='ocrx_word' id='word_1_267' title='bbox 156 3183 224 3243; x_wconf 88' lang='lat' dir='ltr'><strong>cidit</strong></span> <span class='ocrx_word' id='word_1_268' title='bbox 241 3186 349 3262; x_wconf 87' lang='lat' dir='ltr'><strong>primus</strong></span> <span class='ocrx_word' id='word_1_269' title='bbox 365 3183 528 3262; x_wconf 88' lang='lat' dir='ltr'><strong>llyperbins</strong></span> <span class='ocrx_word' id='word_1_270' title='bbox 544 3185 643 3246; x_wconf 86' lang='lat' dir='ltr'><strong>llartis</strong></span> <span class='ocrx_word' id='word_1_271' title='bbox 661 3187 751 3261; x_wconf 88' lang='lat' dir='ltr'><strong>lilius,</strong></span> <span class='ocrx_word' id='word_1_272' title='bbox 768 3186 958 3246; x_wconf 87' lang='lat' dir='ltr'><strong>Prometheus</strong></span> <span class='ocrx_word' id='word_1_273' title='bbox 974 3184 1091 3244; x_wconf 88' lang='lat' dir='ltr'><strong>hovem.</strong></span> <span class='ocrx_word' id='word_1_274' title='bbox 1153 3201 1156 3215; x_wconf 92' lang='lat'><em>·</em></span> <span class='ocrx_word' id='word_1_275' title='bbox 1174 3205 1196 3245; x_wconf 79' lang='lat' dir='ltr'><strong>aa</strong></span> 
     </span>
     <span class='ocr_line' id='line_1_37' title="bbox 114 3267 1163 3348; baseline 0.001 -23"><span class='ocrx_word' id='word_1_276' title='bbox 114 3273 165 3326; x_wconf 79' lang='lat'><strong>210</strong></span> <span class='ocrx_word' id='word_1_277' title='bbox 218 3267 267 3327; x_wconf 83' lang='lat'><strong>57.</strong></span> <span class='ocrx_word' id='word_1_278' title='bbox 293 3267 376 3348; x_wconf 83' lang='lat'><strong>(58.)</strong></span> <span class='ocrx_word' id='word_1_279' title='bbox 406 3268 535 3330; x_wconf 84' lang='lat' dir='ltr'><strong>Gentium</strong></span> <span class='ocrx_word' id='word_1_280' title='bbox 550 3287 709 3330; x_wconf 88' lang='lat' dir='ltr'><strong>consensus</strong></span> <span class='ocrx_word' id='word_1_281' title='bbox 722 3272 826 3330; x_wconf 88' lang='lat' dir='ltr'><strong>tacitus</strong></span> <span class='ocrx_word' id='word_1_282' title='bbox 838 3271 945 3348; x_wconf 91' lang='lat' dir='ltr'><strong>primus</strong></span> <span class='ocrx_word' id='word_1_283' title='bbox 958 3271 1081 3329; x_wconf 90' lang='lat' dir='ltr'><strong>omnium</strong></span> <span class='ocrx_word' id='word_1_284' title='bbox 1094 3285 1163 3326; x_wconf 91' lang='lat' dir='ltr'><strong>con·</strong></span> 
     </span>
     <span class='ocr_line' id='line_1_38' title="bbox 157 3351 1162 3426; baseline 0.007 -21"><span class='ocrx_word' id='word_1_285' title='bbox 157 3351 275 3426; x_wconf 90' lang='lat' dir='ltr'><strong>spiravit</strong></span> <span class='ocrx_word' id='word_1_286' title='bbox 285 3361 315 3412; x_wconf 86' lang='lat' dir='ltr'><strong>ut</strong></span> <span class='ocrx_word' id='word_1_287' title='bbox 326 3352 426 3413; x_wconf 90' lang='lat' dir='ltr'><strong>lcnum</strong></span> <span class='ocrx_word' id='word_1_288' title='bbox 437 3353 540 3414; x_wconf 92' lang='lat' dir='ltr'><strong>litteris</strong></span> <span class='ocrx_word' id='word_1_289' title='bbox 552 3363 709 3414; x_wconf 88' lang='lat' dir='ltr'><strong>uterentur.</strong></span> <span class='ocrx_word' id='word_1_290' title='bbox 735 3353 783 3414; x_wconf 85' lang='lat'><strong>58.</strong></span> <span class='ocrx_word' id='word_1_291' title='bbox 797 3362 916 3413; x_wconf 89' lang='lat' dir='ltr'><strong>veteres</strong></span> <span class='ocrx_word' id='word_1_292' title='bbox 929 3353 1057 3414; x_wconf 81' lang='lat' dir='ltr'><strong>Graecas</strong></span> <span class='ocrx_word' id='word_1_293' title='bbox 1070 3353 1162 3412; x_wconf 87' lang='lat' dir='ltr'><strong>luisse</strong></span> 
     </span>
     <span class='ocr_line' id='line_1_39' title="bbox 156 3433 1162 3517; baseline 0.003 -26"><span class='ocrx_word' id='word_1_294' title='bbox 156 3433 273 3492; x_wconf 88' lang='lat' dir='ltr'><strong>easdem</strong></span> <span class='ocrx_word' id='word_1_295' title='bbox 295 3456 389 3514; x_wconf 89' lang='lat' dir='ltr'><strong>paene</strong></span> <span class='ocrx_word' id='word_1_296' title='bbox 410 3457 486 3517; x_wconf 87' lang='lat' dir='ltr'><strong>quae</strong></span> <span class='ocrx_word' id='word_1_297' title='bbox 509 3457 584 3500; x_wconf 88' lang='lat' dir='ltr'><strong>nune</strong></span> <span class='ocrx_word' id='word_1_298' title='bbox 605 3441 660 3496; x_wconf 89' lang='lat' dir='ltr'><strong>sint</strong></span> <span class='ocrx_word' id='word_1_299' title='bbox 682 3438 798 3498; x_wconf 83' lang='lat' dir='ltr'><strong>Latinae</strong></span> <span class='ocrx_word' id='word_1_300' title='bbox 816 3438 923 3496; x_wconf 89' lang='lat' dir='ltr'><strong>indicio</strong></span> <span class='ocrx_word' id='word_1_301' title='bbox 942 3439 997 3495; x_wconf 89' lang='lat' dir='ltr'><strong>erit</strong></span> <span class='ocrx_word' id='word_1_302' title='bbox 1017 3435 1162 3513; x_wconf 89' lang='lat' dir='ltr'><strong>Delphica</strong></span> 
     </span>
    </p>
   </div>
   <div class='ocr_carea' id='block_1_3' title="bbox 659 3705 674 3747">
    <p class='ocr_par' dir='ltr' id='par_1_3' title="bbox 659 3705 674 3747">
     <span class='ocr_line' id='line_1_40' title="bbox 659 3705 674 3747; baseline 0 0"><span class='ocrx_word' id='word_1_303' title='bbox 659 3705 674 3747; x_wconf 78' lang='lat' dir='ltr'><strong>t</strong></span> 
     </span>
    </p>
   </div>
   <div class='ocr_carea' id='block_1_4' title="bbox 0 0 1226 3910">
    <p class='ocr_par' dir='ltr' id='par_1_4' title="bbox 0 0 1226 3910">
     <span class='ocr_line' id='line_1_41' title="bbox 0 0 1226 3910; baseline 0 2"><span class='ocrx_word' id='word_1_304' title='bbox 0 0 1226 3910; x_wconf 95' lang='lat' dir='ltr'><strong> </strong></span> 
     </span>
    </p>
   </div>
  </div>
 </body>
</html>
