2482 3910
296 219 377 267 san.
398 217 489 266 urse.
507 219 542 266 x.
561 211 681 268 ‹eu—47.
702 205 854 284 (so—ot.)
900 219 904 226 ·
1015 203 1073 266 143

71 371 219 448 candidis,
244 371 371 435 tradens.
402 372 476 430 duos
498 385 617 449 semper
636 371 799 445 iis-duces,
822 370 943 430 alterum
965 372 1074 432 ducere

70 474 186 534 agmen,
203 456 325 516 alteram
342 470 462 532 eogere.
494 455 606 514 scrobis
620 469 764 514 excavare
778 461 886 529 rostro,
911 455 978 515 inde
993 467 1075 516 crate

71 551 262 603 consternere
284 549 313 599 et
329 541 447 617 operire
462 548 541 598 terra
564 557 641 618 quae
657 547 722 598 ante
741 538 828 598 luerit
848 547 960 616 egesta
991 541 1018 598 in
1030 541 1074 599 lris

69 625 223 685 letilioare
255 623 336 683 iores
351 623 433 682 binas
457 623 579 685 omniurn
600 622 764 684 scrobibus.
780 623 921 682 orientem
937 633 1073 701 spectare

45 707 175 788 equibus
198 717 303 768 exeant
326 709 354 766 in
375 725 498 786 pascae,
525 723 661 767 occasum
687 705 790 806 quibus
815 707 946 768 redeant.
978 707 1073 768 alvom

69 801 281 854 exoneraturas
297 791 453 851 subvolare
474 809 590 870 semper
610 799 639 850 et
652 792 797 852 contrario
818 790 905 852 llatu
923 807 979 850 uno
997 791 1115 856 hoelli

68 880 98 936 in
113 877 183 936 loeo
204 877 292 936 totius
315 874 395 936 orbis
416 877 556 951 visuntur,
575 875 710 935 ininsula
727 891 811 954 quam
828 875 951 935 diximus
971 875 1050 935 nobi·
1059 891 1115 937 arur

15 961 128 1021 lem
150 959 301 1020 Diomedis
323 960 433 1019 tumulo
458 968 544 1038 atque
565 959 699 1034 delubro,
719 967 820 1018 eontra
842 959 966 1038 Apuliae
983 970 1072 1034 oram,

67 1045 222 1106 fulicarum
233 1043 352 1102 similess
380 1044 507 1104 advenas
518 1043 659 1104 barbaros
675 1044 815 1120 clangore
827 1043 972 1120 infestant,
985 1042 1073 1104 Grae-

29 1143 56 1186 ιι
70 1130 116 1191 eis
130 1136 237 1188 tantum
255 1127 404 1188 adulantur
417 1129 490 1186 miro
514 1129 688 1204 discrimine,
713 1127 794 1186 velut
809 1131 911 1204 generi
925 1127 1074 1188 Diomedis

67 1214 128 1274 boo
142 1211 316 1287 tribuentes,
332 1211 493 1290 aedemque
509 1229 572 1272 eam
590 1211 697 1272 cotidie
715 1211 803 1290 pleno
822 1219 937 1288 gutture
957 1213 1073 1273 maden·

67 1297 147 1357 tibus
170 1298 272 1374 pennis
294 1295 428 1396 perluunt
450 1305 537 1374 atqua
562 1295 729 1373 purificant,
751 1296 827 1356 unde
853 1297 937 1372 origo
958 1295 1074 1355 tabulae

66 1379 221 1441 Diomedis
238 1382 337 1440 socios
351 1382 379 1438 in
391 1397 489 1440 eurum
506 1376 620 1456 efligies
636 1388 784 1438 mutatos.
849 1390 855 1404 ⁸

133 1465 185 1524 45.
209 1463 311 1562 (62.)
316 1462 380 1523 Non
395 1464 579 1524 omittendum
594 1473 649 1538 est,
667 1481 731 1522 cum
744 1463 806 1522 de
797 1463 920 1540 ingeniis
938 1463 1055 1522 disseri·
1067 1474 1116 1528 itti

65 1631 177 1708 muris,
202 1649 266 1692 eum
282 1631 461 1710 elephanti·
453 1649 530 1691 rossa
545 1632 668 1707 iaciant,
691 1633 826 1692 leones
817 1649 914 1710 rugum
941 1631 1072 1708 subeant,

66 1719 100 1777 in
113 1733 186 1778 aran
178 1715 281 1775 vituli
295 1725 397 1794 totque
413 1717 534 1795 piscium
551 1727 661 1793 genera
676 1718 839 1776 mitescant.

133 1801 185 1861 46.
210 1799 292 1879 (63.)
315 1800 419 1859 bibunt
438 1817 508 1860 aves
526 1810 608 1862 suem
624 1819 661 1860 ex
678 1800 723 1861 iris
745 1787 849 1882 quibu's
875 1802 961 1878 longa
977 1800 1055 1862 colia
1066 1812 1118 1866 129

11 1879 14 1887 ’
64 1885 290 1946 intermittentes
311 1893 340 1944 et
362 1886 457 1963 capite
491 1886 659 1964 resupinato
688 1885 768 1946 velut
794 1885 977 1946 infundentes
1007 1885 1072 1945 sibi.

36 1969 230 2050 saporpbyrio
244 1969 324 2028 solus
335 1985 431 2028 morsu
444 1967 524 2028 hibit.
547 1970 624 2029 idem
638 1978 683 2028 est
695 1971 814 2049 proprio
827 1987 948 2047 genere,
962 1987 1074 2030 omnem

66 2053 166 2113 cibum
183 2069 257 2130 aqua
273 2052 392 2112 subinde
404 2053 556 2129 ιιίιςιιιιιι,
576 2053 681 2113 deinde
700 2055 775 2131 pede
793 2053 829 2112 ad
844 2063 968 2113 rostrum
984 2056 1074 2114 veluti

63 2153 153 2197 manu
179 2136 324 2196 adferens.
362 2136 586 2196 laudatissimi'
578 2155 606 2196 m
631 2135 834 2213 Commagene.
865 2147 959 2196 rostra
987 2139 1022 2196 iis
1045 2148 1075 2196 et

64 2220 232 2302 praelonga
247 2239 331 2280 crura
346 2220 458 2280 rubent.

134 2307 185 2364 47.
203 2304 287 2384 (64.)
315 2303 395 2364 llaec
422 2295 537 2381 quidem
558 2312 588 2363 et
611 2303 813 2402 himantopodi
829 2304 918 2364 multo
943 2305 1055 2378 minori,
1066 2312 1118 2366 130

1 2427 2 2430 =
28 2415 56 2456 ιι
66 2405 241 2488 quamquam
257 2390 286 2448 ia
301 2389 403 2448 eadem
419 2405 533 2447 crurum
548 2386 704 2448 altitudine.
734 2388 862 2447 nascitur
877 2390 906 2446 in
924 2387 1071 2488 Aegypto

65 2474 175 2534 insistit
191 2474 281 2532 toanis
295 2473 401 2549 digitus.
433 2474 591 2554 praecipue
609 2473 636 2531 ei
657 2471 793 2550 pabulum
809 2487 936 2534 muscae.
969 2475 1027 2532 vita
1045 2473 1073 2531 in

64 2557 151 2618 ltalia
169 2559 270 2634 paucis
287 2556 399 2616 diebus.

135 2641 221 2720 (65.)
245 2639 401 2700 Graviores
417 2657 516 2699 omnes
537 2640 621 2717 fruge
638 2650 811 2716 vescuntur,
828 2639 966 2701 altivolae
987 2659 1074 2702 carne

66 2731 189 2784 tantum.
222 2725 297 2784 inter
316 2725 464 2801 aquaticas
485 2726 576 2800 mergi
600 2726 655 2785 soli
682 2725 814 2784 dicontur
834 2725 977 2834 devorare
999 2745 1073 2804 quae
1197 2748 1200 2756 ¹

11 2812 194 2870 'cooeterae
208 2808 340 2868 reddunt.
430 2835 432 2842 v

136 2891 242 2974 (66.)
246 2890 365 2951 Olorem
387 2891 598 2951 similitudinem
613 2891 777 2952 onocrotali
795 2891 918 2968 babent,
943 2911 999 2954 nee
1015 2893 1054 2952 di·
1065 2901 1115 2955 131

66 2986 151 3036 stare
167 2978 408 3036 existumarentnr
426 2976 550 3050 omnino,
566 2977 620 3034 nisi
638 2975 769 3037 lancibus
790 2977 861 3055 ipsis
876 2979 987 3036 inesset
1001 2977 1072 3035 alte-

65 3063 132 3120 rins
143 3061 219 3119 uteri
236 3077 337 3136 genus.
367 3060 424 3119 buc
439 3062 531 3119 omnia
544 3059 723 3138 inexplebile
734 3062 836 3121 animal
849 3063 991 3138 congerit,
1004 3059 1074 3119 mira

65 3155 99 3205 ut
118 3145 158 3203 sit
174 3145 330 3222 capacitas.
360 3159 428 3204 mox
443 3144 574 3222 perlecta
590 3146 689 3222 rapina
712 3147 816 3204 sensim
830 3145 897 3204 inde
915 3148 944 3204 in
959 3161 992 3204 os
1007 3142 1073 3202 red-

30 3229 129 3295 sedita
153 3226 303 3288 inversu
327 3230 422 3289 alvum
449 3230 616 3288 ruminantis
643 3229 730 3295 modo
762 3229 861 3289 refert.
896 3227 988 3288 Gallia
1019 3227 1074 3288 hos
1194 3241 1198 3256 “

67 3311 294 3392 septentrionali
310 3329 451 3390 proxuma
466 3329 579 3373 occano
594 3315 686 3373 mittit.

138 3396 225 3474 (67.)
248 3394 280 3455 ln
295 3395 440 3471 llercynio
457 3395 626 3457 Germaniae
642 3399 716 3458 saltu
729 3399 869 3458 invisitata
882 3411 990 3473 genera
1006 3396 1057 3455 ali·
1046 3407 1117 3482 -ιιι

66 3490 131 3544 tum
151 3480 311 3559 accipimus
324 3497 442 3559 quarum
454 3465 598 3560 plumae
589 3483 694 3559 ignium
710 3484 795 3542 modo
812 3481 985 3541 conluceant
1005 3497 1074 3542 ιιι
