2444 3908
159 199 200 258 54
503 213 534 264 c.
555 213 653 262 autur
676 215 826 264 suoouor

115 375 149 432 dl
227 365 311 446 (22.)
334 365 414 428 llaec
435 369 521 430 iidem
544 380 573 429 et
593 369 762 432 Democrito
785 371 918 432 adierunt
940 373 992 450 qui
1011 371 1187 431 Thoante·

158 452 186 510 in
207 449 335 512 Arcadia
358 463 506 513 serratum
526 454 684 514 adracone
706 465 810 516 narrat.
850 457 993 515 nutrierat
1020 475 1101 516 eum
1120 475 1188 536 puer
1221 496 1222 507 t

159 535 297 596 dilectum
323 536 491 613 admodum,
515 556 681 618 parensque
701 542 846 619 serpentis
861 551 992 599 naturam
1021 550 1055 599 et
1073 541 1187 616 magni

158 619 284 679 tudinem
299 629 432 680 metuens
448 623 478 680 in
491 623 662 683 solitudines
674 624 790 700 tulerat,
809 623 952 702 inquibus
970 625 1187 684 circumvento

157 702 299 762 latronum
322 705 434 765 insidiis
458 707 613 785 agnitoque
631 726 707 768 rooe
734 709 878 768 subvenit.
895 725 960 768 nam
974 725 1061 786 quae
1080 711 1128 768 de
1151 711 1200 766 int

157 785 282 847 lantibus
300 788 426 848 terarum
441 788 519 849 lacte
535 793 658 867 nutritis,
681 811 744 852 cum
761 801 861 852 essent
879 792 1024 870 expositi,
1050 794 1187 872 produn·

156 880 213 946 tur,
232 872 307 930 sicut
323 871 360 930 de
378 873 575 934 conditoribus
591 879 698 936 nostris
715 895 731 936 a
749 877 828 955 lupa,
841 876 1036 953 magnitudini
1053 878 1187 937 fatorum

158 964 282 1032 accepta
299 955 370 1014 ierri
385 958 506 1033 aequius
523 976 608 1038 quam
625 961 753 1021 ferarum
772 971 892 1020 naturae
909 959 1055 1020 arbitror.

116 1039 150 1093 62
222 1037 307 1117 (23.)
331 1037 472 1099 Panthera
488 1052 517 1101 et
534 1043 617 1119 tigris
628 1045 802 1104 macularum
818 1047 958 1105 varietate
971 1060 1082 1124 prope
1100 1047 1185 1106 solae

158 1120 315 1180 bestiarum
337 1133 522 1200 spectantur,
552 1129 660 1187 ceteris
682 1147 754 1187 unus
777 1147 812 1188 ac
833 1149 902 1188 suus
930 1130 1044 1207 cuique
1076 1131 1205 1208 generis

159 1203 244 1262 color
259 1213 321 1280 est,
356 1207 471 1266 leonum
487 1218 592 1268 tantum
614 1213 642 1270 in
660 1214 743 1286 Syria
759 1215 852 1290 niger.
884 1212 1041 1291 pantheris
1065 1216 1101 1274 in
1118 1233 1182 1274 can·

158 1285 226 1346 dido
242 1287 349 1350 breves
366 1292 540 1360 macularum
557 1295 643 1354 oculi.
669 1295 778 1357 Ferunt
794 1299 886 1356 odore
904 1314 1003 1356 earum
1020 1300 1107 1358 mire
1128 1298 1183 1357 sol·

158 1370 263 1431 licitari
290 1373 486 1453 quadripedes
513 1388 646 1454 cunctas,
678 1381 730 1440 sed
760 1383 863 1459 capitis
885 1383 1025 1441 torvitate
1058 1383 1181 1442 terreri.

82 1501 86 1509 .
158 1456 346 1532 quamobrem
372 1460 518 1520 occultato
542 1479 578 1520 eo
597 1463 709 1540 reliqua
731 1464 887 1525 dulcedine
914 1466 1058 1524 invitatas
1084 1468 1181 1526 conri-

159 1539 248 1614 piunt.
278 1552 342 1601 sunt
358 1543 406 1618 qui
422 1544 536 1604 tradant
552 1547 580 1604 in
596 1565 674 1606 armo
694 1549 727 1607 iis
743 1549 865 1608 similem
880 1549 965 1608 lunae
982 1568 1059 1608 esse
1077 1568 1201 1612 macr-u

115 1620 215 1680 titiam
232 1634 415 1685 crescentem
435 1629 464 1686 io
480 1627 560 1687 orbis
583 1639 612 1688 et
632 1641 780 1692 cavantem
803 1633 978 1710 parimodo.
1013 1631 1110 1694 Nunc
1134 1653 1179 1694 ra·

157 1703 215 1763 rias
238 1717 267 1766 et
289 1709 412 1786 pardos,
441 1729 495 1788 qua
517 1731 610 1784 mares
633 1725 712 1790 sunt,
739 1716 887 1794 appellant
908 1719 936 1776 in
961 1733 997 1776 eo
1023 1721 1114 1778 omni
1131 1737 1179 1798 ge

158 1805 227 1848 nere
245 1792 425 1852 creberrimo
442 1795 470 1852 in
485 1794 585 1856 Africo
597 1797 749 1877 Syriaque.
781 1801 895 1880 quidam
908 1801 943 1860 ab
956 1802 991 1860 iis
1006 1805 1179 1878 pantheras

159 1876 285 1935 candore
300 1875 365 1935 solo
379 1876 555 1954 discernunt,
569 1899 624 1940 nec
639 1883 733 1943 adhuc
749 1885 832 1944 aliam
849 1885 1043 1945 differentiam
1062 1888 1176 1947 inveni.

116 1959 151 2013 64
225 1957 308 2037 (24.)
333 1959 619 2023 Senatusoonsultum
642 1965 694 2024 luit
715 1977 797 2027 vetus
819 1987 856 2028 ue
878 1969 982 2028 liceret
1008 1969 1199 2032 Africanass

157 2039 186 2097 io
202 2039 313 2102 ltaliam
337 2044 493 2104 advehere.
527 2055 627 2106 contra
651 2049 707 2108 hoc
722 2051 785 2111 tulit
801 2051 836 2112 ad
857 2053 997 2131 populum
1014 2051 1073 2112 Gn.
1094 2055 1176 2114 Auli·

158 2121 220 2182 dius
236 2125 364 2184 tribunus
380 2127 486 2206 plebis,
504 2127 692 2210 permisitque
710 2135 881 2194 circensium
892 2139 985 2213 gratia
1004 2138 1175 2215 inportare.

157 2207 264 2284 primus
280 2218 374 2270 autern
389 2212 514 2272 Scaurus
529 2215 675 2275 aedilitate
698 2235 748 2276 sua
765 2220 860 2278 varias
885 2230 999 2284 centum
1025 2225 1174 2302 quinqua-

159 2291 238 2365 ginta
256 2294 405 2354 universas
425 2298 509 2372 misit,
528 2298 595 2358 dein
615 2299 769 2378 Pompeius
789 2301 911 2380 Magnus
935 2304 1174 2384 quadringentas

114 2372 275 2448 badecem‚
299 2371 382 2435 diios
402 2379 550 2455 Augustus
580 2382 801 2461 quadringentas
821 2389 932 2462 viginti.
972 2389 1060 2468 (25.)
1094 2393 1197 2452 idemu

157 2454 193 2526 Q.
217 2455 372 2517 Tuberone
394 2459 484 2520 Fabio
502 2463 635 2523 Maxumo
660 2486 737 2527 coss.
760 2483 806 2528 1v.
823 2487 914 2530 nonas
940 2471 1033 2532 Maias
1059 2475 1172 2536 theatri

156 2535 288 2594 Marcelli
304 2539 488 2602 dedicatione
513 2549 606 2621 tigrim
624 2553 730 2626 primus
747 2555 871 2613 omnium
896 2555 1007 2616 Romae
1035 2561 1171 2620 ostendit

156 2618 186 2676 in
205 2635 294 2678 cavea
312 2625 547 2702 mansuefactum,
564 2630 646 2690 divos
660 2653 732 2694 vero
752 2635 890 2697 Claudius
908 2641 992 2700 simul
1013 2652 1169 2720 quattuor.

114 2707 150 2762 66
224 2698 271 2758 18.
306 2703 412 2780 Tigrim
439 2707 564 2782 Hyrcani
591 2723 619 2772 et
646 2715 705 2778 ludi
727 2719 838 2797 lerunt,
867 2724 971 2783 animal
993 2721 1168 2789 velocitatis

155 2784 322 2858 tremendae
342 2797 371 2846 et
388 2807 518 2853 maxume
538 2800 683 2876 cognitae,
697 2803 762 2862 dum
784 2807 897 2882 capitur
927 2816 1006 2866 totus
1032 2810 1103 2870 eius
1126 2813 1194 2872 leo

155 2876 212 2941 tus,
231 2869 278 2944 qui
300 2887 416 2949 semper
438 2894 608 2938 numerosus
623 2892 677 2943 cst.
709 2886 745 2944 ab
771 2888 925 2950 insidiante
949 2894 1065 2970 rapitur
1088 2913 1167 2975 equo

155 2968 240 3029 quam
254 2970 384 3013 maxume
400 2962 526 3036 pernici,
553 2972 639 3041 atque
655 2969 683 3026 in
699 2973 826 3030 recentis
839 2973 963 3034 subinde
975 2978 1166 3039 transfertur.

73 3093 74 3100 χ
154 3043 182 3094 at
196 3033 245 3093 ubi
260 3054 382 3096 vacuum
399 3041 494 3102 cubile
507 3050 618 3124 reperit
633 3048 703 3126 icta,
723 3055 849 3116 maribus
866 3059 942 3117 enim
958 3060 1077 3122 subolis
1097 3081 1167 3124 cura

154 3135 211 3178 non
227 3128 288 3193 est,
306 3120 397 3180 fertur
412 3141 555 3207 praeceps
572 3131 664 3193 odore
686 3139 844 3214 vestigans.
876 3151 979 3220 raptor
1000 3145 1165 3226 adpropin-

155 3212 258 3277 quante
275 3203 390 3264 fremitu
407 3207 495 3269 abicit
508 3230 591 3272 unum
607 3234 623 3276 e
640 3219 751 3278 catulis.
767 3224 845 3283 tollit
859 3224 908 3284 illa
924 3244 1025 3288 morsu
1042 3239 1074 3289 et
1090 3250 1193 3309 pon-u

155 3281 325 3379 dorsetiam
343 3291 425 3349 ocior
443 3297 508 3352 acta
529 3309 638 3359 remeat
652 3302 814 3383 iterumque
832 3313 1024 3388 consequitur
1042 3333 1080 3374 ac
1095 3317 1163 3376 sub·
1208 3299 1212 3308 ’

34 3445 36 3448 Ι
155 3367 236 3440 unde,
258 3370 352 3431 donec
373 3374 401 3432 in
416 3377 509 3435 navim
529 3395 667 3456 regresso
683 3387 766 3448 inrita
784 3389 885 3452 leritas
901 3396 996 3455 saevit
1014 3397 1045 3456 in
1063 3399 1161 3460 litore.

112 3444 145 3500 67
221 3449 304 3529 (26.)
329 3452 465 3518 Gamelos
484 3458 559 3520 inter
574 3477 700 3528 armenta
716 3475 810 3547 pascit
831 3477 943 3554 oriens,
961 3498 1087 3558 quarum
1104 3483 1160 3545 duo
