2482 3910
138 134 197 198 tce
483 141 791 193 commemorem

136 295 201 350 sunt
221 285 363 365 quaedam
376 282 477 359 albae,
495 253 570 364 quae
585 282 778 344 bisinnnensc
800 284 886 344 mella
909 285 1032 360 lociuut,
1057 286 1146 348 circa

136 370 380 432 Thermodontem
403 377 499 430 autern
521 367 635 430 fluvium
657 367 713 426 duo
735 387 865 446 genera,
883 367 1003 430 aliarum
1019 387 1096 450 quae
1115 372 1145 432 in

136 453 286 516 arboribus
300 452 477 530 mellificant,
495 451 613 514 aliarum
629 469 704 530 quae
721 451 774 514 snb
790 462 868 514 terra
882 453 991 534 triplici
1006 471 1143 516 cerarum

93 539 254 614 modios,
278 537 414 599 uberrimi
435 545 616 616 proventus·
648 532 789 598 Autricum
812 537 914 618 apibus
937 533 1016 598 dedit
1037 547 1144 600 natura
1215 587 1217 592 .

137 624 229 688 ventri
246 631 422 686 consertum.
455 622 493 684 ad
510 639 595 688 unum
610 623 696 680 ictum
712 619 769 680 hoc
783 617 871 682 inliso
887 623 1000 702 quidam
1013 641 1063 684 eas
1079 632 1167 692 sta-5

135 709 185 768 tine
204 707 297 768 emori
316 714 429 785 putaui,
446 707 536 785 aliqui
546 723 604 766 non
612 704 706 766 nisiin
722 713 829 768 tentum
846 707 950 768 adacto
966 715 996 768 ut
1012 708 1143 768 intestini

136 793 282 871 quippiam
300 799 455 868 sequetur,
470 791 526 854 sed·
542 790 626 850 fucos
650 797 755 868 postea
776 809 843 852 esse
865 809 920 852 uec
936 789 1022 852 melle
1037 791 1143 852 iacere

135 876 215 936 velut
231 875 364 936 castratis
383 874 494 934 uiribus
513 877 680 956 pariterque
702 883 731 934 et
746 892 855 936 nocere
878 885 907 935 et
928 876 1070 954 prodesse
1089 875 1142 936 de·
1172 915 1175 922 »

93 972 126 1026 σι
136 962 243 1019 sinere.
273 967 318 1018 est
340 959 368 1016 in
384 960 526 1038 exemplis
542 957 689 1038 equoseb
707 959 742 1018 iis
758 961 884 1023 occisos,
917 955 1015 1022 Odere
1032 959 1145 1023 foedes

136 1044 244 1104 odores
271 1042 432 1122 proculque
459 1043 586 1122 lugiunt,
609 1045 665 1107 sed
689 1049 718 1101 et
737 1044 834 1106 lictus.
873 1045 971 1123 itaque
992 1055 1176 1122 unguentum

134 1127 296 1191 redolentis
313 1127 467 1204 infestent,
484 1130 568 1208 ipseo
579 1128 774 1207 plurumorum
786 1127 949 1192 animalium
964 1129 1074 1202 iniuriis
1086 1129 1142 1190 ob·

134 1214 251 1276 nerine.
280 1211 440 1290 depugnent
468 1231 519 1274 eas
539 1224 657 1276 mturne
686 1211 816 1276 eiusdem
838 1213 1001 1292 degeneres
1026 1232 1141 1292 vespae

134 1308 221 1376 utque
244 1296 420 1374 crabrones,
446 1300 565 1358 etiame
589 1297 713 1359 culicum
727 1315 838 1378 genere
859 1299 908 1378 qui
924 1289 1064 1358 vincentur
1077 1317 1140 1358 mu·

134 1384 245 1458 lienes,
267 1381 442 1462 populantur
463 1381 631 1446 hirundines
655 1392 685 1442 et
706 1381 846 1462 quaedum
863 1381 937 1444 aliae
957 1400 1037 1442 aves.
1071 1383 1139 1442 insi·

135 1469 247 1530 diamur
270 1467 440 1545 equentibus
461 1485 568 1545 ranae,
588 1485 663 1548 quae
684 1485 814 1529 maxum
830 1485 927 1528 earum
943 1476 988 1528 est
1005 1468 1174 1546 operatione

91 1557 191 1614 ittunn
207 1569 270 1611 curn
285 1551 418 1612 subolem
433 1552 549 1614 iaciunt.
580 1571 636 1614 nec
648 1551 702 1612 hae
714 1559 822 1612 tanturn
836 1569 911 1632 quae
927 1561 1029 1628 stagna
1046 1552 1140 1611 rivos·

98 1671 102 1678 -
135 1653 191 1712 que
207 1633 358 1710 obsident,
374 1653 475 1694 verum
490 1645 521 1700 et
541 1634 663 1700 rubetae
676 1635 792 1698 veniunt
807 1635 885 1698 ultro
902 1635 1142 1718 adrepentesque

133 1717 244 1778 loribus
260 1735 314 1795 per
327 1735 378 1780 ess
392 1719 516 1780 suident.
548 1722 583 1782 ed
599 1723 656 1784 hoe
671 1723 756 1782 statio
773 1720 908 1799 provolat
925 1718 1140 1800 confestimque

134 1801 282 1879 abripitur.
302 1819 367 1871 ¹nce
389 1804 498 1864 sentire
512 1805 586 1866 ictus
601 1805 696 1882 apium
712 1823 799 1866 ranae
815 1803 973 1868 deduntur.
1006 1805 1140 1866 inimicae

134 1894 163 1948 et
178 1902 250 1946 ores
270 1883 387 1948 difficile
409 1905 443 1946 se
461 1905 477 1946 e
500 1887 573 1952 lanis
596 1907 693 1954 aarum
714 1889 936 1970 explicantibus.
969 1906 1171 1950 cancrorumro

134 1969 218 2032 etiarn
234 1969 342 2044 odore,
362 1971 466 2050 siquis
483 1973 563 2034 iuxta
577 1983 700 2053 coquat,
718 1975 924 2036 exanimantur.

91 2061 126 2116 ot
154 2111 156 2118 s
197 2052 381 2136 (20.)'Quin
397 2059 427 2115 et
448 2056 568 2121 morbos
583 2067 685 2137 suapte
702 2067 802 2118 natura
820 2059 954 2118 sentiunt.
984 2055 1073 2117 index
1089 2073 1139 2116 eo·
1232 2115 1233 2118 ,

132 2157 194 2201 rum
209 2140 323 2200 tristitia
338 2149 458 2220 torpens
481 2150 510 2200 et
527 2159 593 2202 eum
608 2152 674 2204 ante
690 2143 771 2205 iores
787 2143 815 2204 iu
832 2150 966 2222 teporem
981 2139 1056 2202 solis
1072 2157 1139 2221 pro·

131 2225 216 2288 motis
238 2225 314 2288 eliae
330 2224 414 2286 cibos
434 2227 610 2305 ministrant,
633 2246 698 2288 curn
715 2227 866 2291 defunctas
883 2233 1042 2305 progerunt
1057 2221 1139 2286 iune-

89 2312 309 2391 tirantirmqpe
330 2327 411 2370 more
425 2312 596 2375 comitentur
611 2313 778 2391 exsequias.
816 2303 900 2390 Repe
917 2328 952 2370 ee
968 2318 1054 2388 peste
1070 2327 1172 2379 eon-er

131 2404 246 2476 surpta
261 2403 371 2454 maeret
394 2395 499 2472 plebes
520 2395 628 2472 ignaro
643 2397 764 2470 dolore,
781 2389 839 2458 non
858 2393 942 2456 cibos
958 2393 1139 2476 coruvehens²

104 2487 106 2492 '
130 2497 190 2541 ron
203 2477 379 2555 procedens.
413 2480 489 2538 tristi
502 2487 609 2540 tantum
624 2498 768 2543 murmure
787 2479 966 2560 glomeratur
979 2478 1057 2538 circa
1074 2495 1138 2538 ccr-

130 2575 186 2640 ptts
222 2559 293 2622 eius.
342 2559 518 2624 subtrahitur
543 2564 641 2643 itaque
671 2565 806 2628 diductae
839 2562 1018 2627 multitudini.
1065 2563 1159 2624 alias.

130 2649 300 2724 metientes
316 2645 477 2711 ormnem
496 2646 602 2708 luctum
623 2667 681 2712 nou
698 2649 834 2711 manunt.
868 2657 936 2729 tunc
958 2664 1093 2726 qnoque,
1110 2647 1139 2706 ni

131 2727 333 2804 educuntur,
354 2728 430 2790 ieme
443 2733 612 2802 moriuntur.
642 2733 787 2796 hilaritate
803 2733 890 2812 igitur
907 2739 936 2789 et
953 2734 1047 2792 nitore
1062 2731 1137 2792 seni-
1147 2749 1170 2798 ao

129 2824 174 2878 tes
189 2812 364 2894 aestimetur.
392 2813 440 2878 19.
459 2815 531 2879 Sunt
546 2825 578 2878 et
594 2819 694 2895 operis
707 2815 810 2898 morbi
838 2833 903 2879 euru
914 2815 997 2876 faros
1012 2832 1072 2878 non
1087 2834 1138 2876 ex·

128 2899 227 2980 pleon
243 2896 346 2959 cleron
366 2908 484 2964 vocent.
513 2901 582 2966 item
599 2899 823 2982 hlupsiponien,
842 2901 870 2962 si
891 2899 1055 2978 fctumnou
1070 2917 1137 2980 per·

165 2993 226 3048 nt.

86 3001 275 3148 thmffll.)
299 3065 419 3142 inimice
440 3076 470 3130 et
491 3068 567 3130 echo
583 3077 631 3132 est
651 3070 803 3138 resultanti
827 3086 924 3170 εοιιοξ
940 3051 992 3150 qui
1015 3065 1136 3150 parides
1206 3102 1208 3108 ·
1232 3127 1233 3132 ,

129 3152 245 3216 eterno
265 3150 364 3232 pulset
387 3153 455 3230 ictu.
488 3152 602 3215 inimica
624 3163 652 3212 et
674 3153 790 3226 nebula.
811 3171 926 3223 ,aranei
950 3169 1069 3238 quoqpe
1087 3149 1169 3212 relos

128 3249 259 3301 stamme
275 3235 408 3304 hostiles.
440 3252 504 3298 cum
526 3239 719 3314 puereluere
735 3249 766 3306 ut
787 3237 934 3316 intereram
954 3243 1078 3300 enecant
1094 3235 1136 3298 al·

129 3335 192 3380 uos.
222 3320 332 3400 papilio
348 3323 434 3382 etiarn
449 3322 616 3400 ignavoset
631 3323 817 3386 inhonoratus
834 3317 988 3391 luminibus
1000 3317 1137 3394 accensis
1231 3321 1233 3404 l

124 3401 306 3480 'advolitanm
322 3405 457 3494 pedites,
472 3423 528 3476 neo
542 3423 602 3469 uno
614 3407 710 3470 modo.
739 3425 803 3483 nam
818 3416 847 3466 et
863 3407 928 3486 ipse
944 3423 1029 3486 ceras
1046 3401 1135 3487 depe·
1232 3407 1233 3410 ’
