2444 3908
319 173 405 260 par.
423 175 513 222 ursr.
531 177 564 223 x.
580 172 665 226 a—t.
684 166 803 246 (3—8.)
1002 169 1074 232 123‘

58 325 248 408 praedantur.
280 335 362 405 rapta
384 345 441 388 non
456 331 585 407 protinus
602 331 712 407 lerunt,
729 333 781 392 sed
797 336 887 411 primo
906 336 1061 414 deponunt,

58 420 265 490 expertaeque
282 411 393 488 pondus
417 421 483 472 tuno
506 413 617 474 demum
633 414 747 475 abeunt.
777 428 918 496 oppetunt
938 438 993 478 non
1015 430 1105 484 stt-15

57 497 109 555 nio
125 513 182 553 nec
195 495 375 571 aegritudine
391 496 443 555 sed
454 496 540 572 lame,
554 499 696 559 intantum
708 503 858 581 superiore
871 503 1062 564 adcrescente

58 589 161 638 rostro
184 588 213 638 ut
235 578 382 639 aduncitas
411 583 517 658 aperiri
540 599 596 640 non
626 593 721 661 queat.
752 587 946 646 ameridiano
967 596 1062 646 autem

35 674 199 742 stempore
214 673 371 741 operantur
385 671 414 722 et
435 665 549 740 volant,
567 667 711 745 prioribus
732 669 811 729 boris
826 671 893 746 diei,
912 670 1006 730 donec
1021 672 1061 731 in·

58 748 198 826 pleantur
211 746 354 806 hominum
371 759 514 809 conventu
528 750 602 825 lora,
617 752 738 827 ignavae
752 754 863 814 sedent.
895 753 1062 832 Aquilarum

57 834 168 911 pinnae
189 833 292 892 mixtas
313 832 489 911 reliquarum
512 834 608 894 alitum
635 837 737 914 pinnas
768 838 918 898 devorant.
958 848 1063 915 negent

57 933 195 994 umquam
212 915 304 976 solam
319 916 393 976 hanc
410 917 506 976 alitem
522 918 639 978 fulmine
664 922 862 982 exanimatam.
895 922 962 982 ideo
979 924 1061 982 armi·

56 1018 163 1078 geram
178 999 257 1060 lovis
273 1001 452 1060 consuetudo
468 1002 613 1063 iudicavit.

19 1101 48 1142 1o
125 1086 156 1143 4.
184 1084 244 1160 (5.)
267 1083 403 1144 Romanis
426 1103 489 1146 eam
515 1085 679 1163 legionibus
699 1085 732 1147 0.
755 1087 860 1150 llarius
882 1093 910 1150 in
934 1087 1104 1154 secundom

57 1167 214 1228 consulatu
232 1185 284 1226 suo
299 1169 417 1247 proprie
433 1169 548 1228 dicavit.
575 1181 636 1230 erat
657 1181 686 1230 et
699 1181 783 1232 antea
800 1175 888 1250 prima
905 1193 968 1234 cum
980 1184 1060 1252 quat·

56 1263 127 1312 tuor
145 1251 217 1310 aliis.
250 1251 320 1330 lupi,
336 1254 498 1328 minotauri,
514 1256 580 1331 equi
596 1257 716 1333 aprique
734 1257 864 1332 singulos
884 1259 1001 1318 ordines
1013 1275 1061 1318 an·

57 1335 182 1397 teibant.
211 1338 312 1414 paucis
329 1345 394 1396 ante
411 1338 489 1396 annis
507 1338 570 1398 sola
585 1340 613 1396 in
629 1340 721 1398 aciem
740 1343 848 1416 portari
866 1349 971 1418 coepta
988 1351 1059 1415 erat,

57 1420 175 1497 reliqua
191 1420 219 1476 in
235 1422 337 1480 castris
353 1421 599 1498 relinquebantur.
630 1417 737 1482 lllarius
751 1425 780 1483 in
794 1433 883 1484 totum
896 1442 930 1484 ea
945 1423 1059 1484 abdica·

18 1521 45 1566 1⁵
57 1505 112 1565 vit.
145 1521 183 1561 ex
199 1521 236 1563 eo
251 1513 378 1564 notatum
394 1524 450 1565 non
469 1505 532 1566 lere
559 1505 683 1583 legionis
708 1525 839 1584 umquam
859 1507 977 1582 hiberna
993 1526 1059 1569 esse

57 1599 157 1652 castra
173 1587 221 1650 ubi
244 1589 402 1669 aquilarum
424 1607 480 1648 non
504 1592 540 1648 sit
552 1591 657 1667 iugum.
689 1590 787 1651 *Primo
812 1601 841 1652 et
864 1593 992 1652 secundo
1008 1610 1058 1667 ge·
1070 1601 1100 1655 17
1180 1647 1184 1662 ,

55 1675 122 1734 neri
138 1690 196 1732 non
211 1676 351 1734 minorum
369 1683 474 1734 lantum
490 1673 696 1754 quadripedum
711 1676 810 1752 rapina
826 1676 879 1737 sed
895 1675 980 1736 etiam
997 1693 1061 1734 cum

55 1760 160 1819 cervis
181 1758 302 1835 proelia.
336 1758 451 1816 multum
477 1758 628 1837 pulverem
658 1759 788 1818 volutatu
814 1760 969 1820 collectum
992 1761 1059 1818 insi·

54 1844 132 1902 dens
154 1842 289 1902 cornibus
315 1844 424 1902 excutit
450 1842 478 1900 in
505 1842 617 1916 oculos,
645 1844 738 1921 pinnis
766 1843 936 1920 verberans,
966 1844 1060 1905 donec

15 1943 44 1984 so
55 1923 236 2006 praecipitet
257 1928 285 1985 in
307 1927 396 2003 rupis.
436 1945 491 1986 nec
513 1945 584 1988 unus
605 1926 696 1988 hostis
722 1928 764 1986 illi
789 1929 858 1989 satis
881 1937 934 1988 est.
966 1929 1061 1988 acrior

53 2029 125 2071 cum
154 2010 280 2070 dracone
311 2027 405 2088 pugna
436 2010 584 2088 multoque
613 2013 703 2088 magis
730 2031 858 2089 anceps,
894 2014 1004 2072 etiamsi
1033 2012 1061 2069 in

52 2111 139 2156 aere.
162 2111 216 2154 ova
227 2095 274 2154 lric
286 2104 471 2155 consectatur
482 2095 597 2173 aquilae
613 2095 747 2156 aviditate
758 2095 900 2170 malelioa,
913 2104 942 2154 at
956 2095 1005 2154 illa
1021 2095 1059 2152 ob

51 2180 117 2240 hoc
140 2179 215 2256 rapit
235 2178 408 2257 ubicumque
429 2180 530 2238 visum.
561 2177 610 2237 ille
635 2177 786 2254 multiplici
809 2197 884 2238 nexu
908 2178 969 2238 alas
990 2178 1060 2253 ligat

51 2265 95 2324 ita
113 2279 147 2320 sc
162 2261 303 2339 inplicans
320 2272 351 2322 ut
366 2261 448 2322 simul
465 2255 580 2322 decidat
594 2280 695 2341 saepe.
1111 2296 1115 2307 ι

14 2363 41 2404 as
123 2347 152 2404 5.
171 2346 234 2425 (6.)
259 2343 394 2407 Celebris
411 2345 487 2423 apud
505 2345 612 2406 Seston
627 2345 729 2406 urbem
740 2345 854 2423 aquilae
867 2343 960 2421 gloria
972 2344 1057 2404 educ·
1069 2353 1103 2406 18

50 2441 115 2492 tam
131 2447 147 2488 a
163 2430 275 2508 virgine
296 2431 434 2490 retulisse
460 2431 581 2506 gratiam
600 2431 662 2490 avis
682 2431 785 2508 primo,
807 2447 875 2488 mox
890 2427 994 2489 deinde
1009 2447 1059 2486 ve-

50 2524 140 2576 natus
166 2514 362 2591 adgerentem.
397 2513 531 2574 defuncta
558 2523 706 2592 postremo
729 2515 757 2572 in
781 2530 884 2590 rogum
906 2531 1060 2574 accensum

51 2601 122 2659 eius
137 2597 275 2658 iniecisse
298 2617 365 2658 sese
389 2607 417 2658 et
431 2597 514 2656 simul
538 2597 745 2676 conflagrasse.
779 2615 862 2677 quam
884 2597 922 2656 ob
945 2615 1061 2657 oausam

49 2681 176 2742 incolae
199 2683 276 2760 quod
299 2693 404 2742 vocant
426 2681 545 2742 heroum
568 2683 596 2740 in
614 2699 650 2740 eo
672 2681 739 2742 loeo
758 2682 859 2742 iecere
886 2681 1061 2760 appellatum

14 2766 139 2828 attavis
158 2774 188 2824 et
201 2767 331 2844 virginis,
352 2767 485 2845 quoniam
501 2766 542 2826 illi
557 2766 614 2827 deo
632 2766 693 2826 ales
714 2764 896 2826 adscribitur.

122 2849 152 2909 6.
171 2850 234 2928 (7.)
257 2850 407 2911 Volturum
426 2850 595 2927 praevalent
620 2851 703 2926 nigri.
735 2849 817 2910 nidos
835 2867 920 2910 nemo
937 2851 1056 2926 altingit.
1070 2857 1104 2910 19

49 2935 126 2995 ideo
150 2942 180 2992 et
209 2935 291 2994 fuere
307 2936 355 3012 qui
371 2943 504 3012 putarent
520 2934 587 2992 illos
605 2953 642 2992 cx
669 2933 793 2993 adverso
816 2933 888 2993 orbe
912 2934 1058 2992 advolare.

48 3019 145 3080 falso.
170 3018 316 3081 nidificant
331 3019 359 3078 in
372 3018 579 3078 excelsissimis
592 3016 720 3094 rupibus.
744 3018 821 3079 letus
840 3018 955 3095 quidem
970 3033 1060 3093 saepe

49 3109 226 3178 cernuntur,
249 3102 312 3162 lere
329 3103 398 3165 bini.
432 3099 596 3161 Umbricius
615 3101 799 3179 haruspicum
823 3102 851 3160 in
871 3111 970 3162 nostro
987 3115 1060 3158 aeuo

14 3186 252 3268 apertissimus
270 3204 375 3265 parere
399 3186 556 3247 traditona
580 3184 737 3260 tredecim,
760 3203 817 3246 uno
835 3204 871 3244 ex
894 3186 929 3243 iis
950 3182 1061 3260 reliqua

50 3289 110 3332 ora
129 3269 288 3348 nidumque
304 3271 439 3343 lustrare,
455 3287 523 3328 mox
538 3268 667 3327 abicere.
693 3269 787 3329 triduo
803 3279 898 3330 aulem
911 3275 994 3327 antea
1011 3283 1061 3324 vo·

50 3353 116 3416 lere
135 3371 193 3413 eos
210 3354 258 3413 ubi
273 3354 416 3415 cadauera
431 3353 526 3413 lutura
541 3361 615 3412 suut.

115 3441 147 3500 7.
161 3436 234 3518 ,(8.)
260 3437 434 3516 Sanqualcm
456 3455 538 3498 avom
559 3445 645 3515 atque
671 3436 838 3498 inmusulum
863 3452 988 3516 augures
1005 3431 1105 3497 lto-so
