2444 3910
359 725 714 856 nonerunt-ro.

102 976 239 1058 Longiore
259 993 337 1050 quarn
360 995 536 1052 speraveram
558 980 704 1036 interuniio
722 979 795 1051 qnod
816 978 930 1050 primurn
946 978 1027 1034 Plini-i

33 1061 168 1116 volumen
183 1061 308 1133 sequitur
319 1064 373 1120 huc
388 1065 551 1132 secundnm,
569 1064 598 1118 id
615 1064 714 1120 nuliam
725 1063 760 1118 ob
773 1062 853 1116 aliern
866 1078 974 1118 causatu
986 1060 1028 1118 est

33 1146 156 1213 iactum,
173 1145 226 1200 nisi
244 1147 318 1217 quod
334 1147 444 1202 interim
460 1146 598 1202 inventum
615 1151 658 1202 est
674 1161 772 1202 novum
787 1145 869 1216 idque
886 1146 1028 1201 maximum

34 1229 100 1282 eius
111 1229 227 1298 parandi
243 1229 424 1285 adiumentum
436 1237 463 1285 et
474 1229 633 1286 subsidium.
658 1229 713 1286 iurn
729 1229 800 1283 eninr
811 1243 868 1283 rern
879 1246 921 1284 me
933 1229 1027 1284 conie-

33 1311 113 1365 cisse
125 1313 267 1382 putabam,
285 1313 338 1368 iarn
348 1313 458 1369 dimidia
470 1314 529 1368 iere
542 1327 606 1386 pars
618 1314 691 1385 typis
704 1319 764 1368 erat
775 1304 914 1384 descripta'
922 1353 931 1382 ‚
948 1327 1028 1383 quuru
1054 1321 1063 1334 ⁸

33 1395 192 1449 increbruit
204 1396 273 1452 iana
286 1412 300 1451 a
313 1397 479 1468 Fredeperio
489 1396 600 1466 Moneo,
613 1398 658 1468 qni
670 1397 873 1474 Heidelbergue
885 1413 955 1452 nunc
967 1395 1024 1467 phi-

1 1493 3 1500 *
33 1477 171 1547 loiogiana
186 1479 314 1549 privatim
331 1481 429 1549 docet,
445 1480 570 1537 inventas
588 1495 651 1536 osse
668 1479 847 1537 vetustissimi
865 1480 970 1551 codicis
982 1494 1023 1533 re-

34 1559 135 1632 scripti
147 1561 280 1632 reliquias
298 1564 333 1620 ad
348 1563 518 1619 undecimum
528 1563 627 1620 librum
637 1563 777 1620 Plinianae
785 1561 922 1620 Naturalis
941 1563 1024 1618 histo-

34 1644 97 1699 riae
111 1645 292 1716 pcrtincntcs‚
306 1648 379 1702 etad
392 1665 440 1703 eos
453 1648 499 1719 qui
511 1653 661 1719 sequuntur
672 1663 758 1718 usquc
771 1648 804 1703 ad
817 1648 937 1718 quintum
951 1645 1026 1701 dcci-

34 1743 116 1782 nrurn.
139 1727 201 1794 Ouo
219 1744 327 1786 rumore
341 1732 375 1786 ad
382 1719 432 1786 'ne
444 1733 552 1803 perlato
564 1731 629 1802 quid
642 1732 716 1787 niiud
727 1723 791 1786 miii
807 1731 859 1786 iuit
874 1729 1026 1786 iaciendum

36 1827 117 1882 quarn
127 1817 158 1866 ut
173 1812 380 1869 intermitterem
397 1815 536 1886 inceptum
548 1830 634 1888 opus,
651 1829 685 1869 no
703 1815 875 1870 fraudaretur
887 1811 1026 1873 hoc'tanto

35 1889 214 1950 adiumento?
236 1895 326 1968 Atque
343 1897 469 1970 aperitis
484 1905 662 1970 percontatus
678 1897 770 1955 audivi
786 1897 848 1955 ilias
863 1896 967 1953 codicis
981 1911 1025 1950 re·
1061 1893 1068 1913 ‘

35 1979 134 2050 scripti
152 1980 285 2050 reliquias
296 1997 400 2052 paucos
414 1987 480 2053 post
494 1991 602 2038 menses
614 1984 642 2038 in
654 1983 742 2038 iucem
754 1981 900 2038 editumiri
914 1978 1024 2048 surrupti-

35 2063 86 2116 bus
99 2062 238 2118 Fridera'ci
250 2064 378 2120 Andreae
386 2065 511 2130 Parthus,
526 2081 605 2137 quenr
617 2066 651 2121 dc
663 2066 811 2136 Silligiano
826 2065 913 2122 Plinio
925 2058 1026 2133 optin'rc

36 2162 99 2200 esse
112 2146 236 2204 meritum
247 2147 319 2203 inter
331 2163 424 2204 omncs
437 2156 551 2205 constat.
575 2150 606 2204 ld
618 2150 690 2204 sicut
700 2150 765 2204 mihi
777 2149 926 2216 nuntiatum
937 2146 973 2199 ita
984 2144 1024 2198 ia-

30 2235 107 2292 ,etum
121 2236 177 2293 est;
191 2231 241 2286 sed
253 2233 336 2287 multo
349 2233 435 2290 maior
447 2249 526 2302 quana
538 2239 696 2303 putaveram
707 2233 770 2287 indc
782 2221 846 2285 mihi
858 2231 970 2285 obortus
983 2231 1034 2309 est

36 2303 130 2375 labor3
148 2325 259 2369 cursum·
274 2321 386 2371 coactus
404 2331 463 2370 suin
482 2331 537 2370 nou
546 2316 649 2370 iterare
667 2313 865 2382 tantummodo,
884 2311 933 2366 sed
945 2310 1023 2364 aiitcr

3 2443 4 2446 ,
36 2394 197 2465 instituere,
216 2413 294 2468 quum
307 2415 405 2454 novum
418 2413 531 2469 eumque
544 2398 596 2453 flue
609 2399 690 2454 vaide
708 2397 819 2466 dignum
830 2401 924 2450 nactus
936 2405 1022 2448 cssern

37 2479 149 2548 decern,
165 2481 215 2534 sed
225 2496 304 2551 quem
317 2497 369 2536 non
381 2489 484 2537 tenuere
497 2481 574 2553 sequi
587 2482 651 2537 nini
663 2482 769 2536 liceret
792 2481 830 2536 Ut
838 2493 908 2535 enun
920 2474 1021 2531 codicis

7 2581 10 2591 ⁴
37 2568 158 2619 vetustas
179 2579 220 2618 rne
237 2566 365 2621 monebat
378 2571 409 2620 ut
420 2566 479 2621 eius
496 2561 972 2638 potissimumpremercmvestigia‚
984 2558 1017 2610 itt

37 2661 76 2700 rue
90 2662 143 2701 non
155 2647 225 2717 fugit
236 2648 303 2703 sutis
320 2651 477 2705 mendosum
488 2666 552 2705 csse
565 2649 714 2721 exenrpiar
735 2648 864 2714 Quamvis
881 2657 946 2715 ergo
957 2636 1017 2694 dili-

37 2729 111 2797 genti
124 2746 189 2784 usus
198 2731 294 2786 fuerim
304 2733 550 2804 circunspectione
562 2739 643 2804 atque
654 2739 780 2789 accuratu
790 2723 1016 2788 consideratione,

37 2817 122 2867 tannen
134 2829 251 2884 vereor,
266 2831 300 2870 ne
312 2816 357 2870 iric
368 2817 427 2872 iiiio
438 2823 492 2871 non
503 2819 606 2872 rectam
618 2817 689 2872 viam
700 2811 813 2871 videar
806 2810 908 2865 iniisse

53 2895 135 2950 De
146 2899 199 2952 hoc
213 2899 310 2954 codice
327 2900 464 2973 rescripto
476 2901 602 2996 qnoniam
616 2906 643 2954 et
653 2901 735 2954 verba
749 2894 802 2948 ieci
817 2890 884 2960 apud
895 2886 1015 2958 philolo-

37 2993 84 3045 gos
96 2978 279 3051 Hanrburgunr
292 2997 460 3053 congressos
473 2990 501 3038 et
512 2985 558 3054 egi
575 2985 602 3038 in
614 2977 818 3038 Monacensiius
831 2969 928 3027 nuntiis
941 2970 1015 3022 litte-

37 3062 125 3154 raquo,
136 3063 181 3118 hic
193 3078 291 3135 ponarn
302 3083 334 3121 ea
346 3071 447 3122 tanturn
459 3083 528 3138 quae
538 3067 679 3122 videantur
689 3073 801 3131 prorsus
814 3067 874 3110 csso
885 3067 1014 3107 necesst-

38 3127 91 3215 ria',
115 3151 144 3199 ut
166 3149 258 3218 quenti
281 3150 318 3206 sit
335 3150 418 3221 pretii
436 3165 501 3206 vere
523 3148 613 3221 possit
628 3143 749 3199 iudicari
785 3139 817 3193 Et
833 3135 937 3190 invenit
953 3149 1014 3200 eum

38 3225 162 3298 Monens,
179 3231 232 3284 ut'
225 3248 285 3302 ipse
299 3232 400 3302 refert,
417 3228 445 3288 iir
458 3233 622 3288 bibliotheca
634 3221 789 3281 monasterii
807 3218 882 3275 adS.
897 3217 1013 3272 Paulum

38 3308 62 3363 in
75 3311 147 3367 taiic
165 3313 310 3371 Lavantinu
331 3316 501 3383 carinthiae,
521 3326 573 3381 quo
589 3310 733 3384 translatus
750 3309 793 3358 est
812 3319 827 3357 e
846 3301 1012 3357 monasterio

39 3391 64 3446 S.
75 3395 177 3465 Blasii,
201 3399 274 3467 quod
291 3406 333 3454 est
345 3400 371 3452 in
383 3399 451 3452 siiva
464 3397 556 3464 nigra,
568 3391 618 3444 scd
631 3396 658 3444 et
671 3392 852 3456 tegumentum
864 3385 969 3439 codicis
985 3389 1013 3438 et

39 3474 176 3566 inscriptio
187 3485 280 3538 vetus:
296 3479 363 3535 liber
372 3481 449 3549 oupt'c
459 3475 568 3532 mcc'orr‘r
581 3473 747 3528 demonstrat
759 3486 820 3584 auqn
831 3475 909 3524 autea
924 3467 1010 3523 inisse

771 3570 786 3609 a
