2482 3910
179 157 239 220 220
379 242 383 249 .
521 169 551 216 o.
567 169 662 216 rnrnr
682 165 832 217 suounor

176 325 359 400 Erythraeae
369 337 479 385 xvi-
489 325 563 386 hanc
575 324 674 384 volunt
686 321 840 382 Arhbicam
852 322 984 399 intellegi
996 344 1048 396 -1,
1064 321 1183 399 Trogo·

177 409 291 485 dytioae
303 409 408 470 nucleo
420 423 481 472 xvi
499 410 531 486 S,
551 410 583 468 ei
594 423 666 468 vero
682 423 768 486 quarn
780 407 943 468 odorariam
954 413 1071 481 vocant,
1089 417 1182 466 xlm.

134 503 167 558 ‘ll
178 494 352 554 adnitemur
372 493 486 554 lentisci
505 491 619 570 glaebis
640 500 670 552 ct
690 493 809 568 cummi,
835 493 904 550 item
925 491 1088 550 cucumeris
1111 507 1184 550 suco

178 578 370 638 amaritudinis
394 595 499 654 causa,
522 579 596 636 sicut
619 575 757 655 ponderis
783 591 883 655 spuma
907 575 1028 652 argenti.
1066 575 1184 653 reliqna

176 663 246 722 vitia
260 661 514 740 deprehenduntur
529 677 636 740 sapore
645 708 654 740 ‚
679 661 796 720 cummis
814 660 901 721 dente
919 659 1099 718 lentescens:
1129 657 1203 720 dal-s

177 746 322 808 lenissime
343 754 437 808 autern
457 745 634 806 adulteratur
653 744 751 804 ludica
774 760 887 820 murra,
909 761 982 820 quae
1003 742 1099 802 ibide
1115 761 1183 821 qua·

177 831 241 890 darn
263 830 345 908 spina
369 830 525 907 colligitur.
564 829 622 889 hoc
645 829 739 888 solum
757 830 841 907 peius
863 827 943 887 ludia
967 823 1080 902 adfert,
1103 826 1184 887 facili

177 915 376 988 distinctione,
391 921 470 974 tanto
486 914 615 974 deterior
631 921 685 973 cst.
862 964 863 969 ,

135 1007 169 1062 ii
245 998 292 1056 17.
316 997 399 1076 (36.)
424 995 504 1074 Ergo
519 997 620 1056 transit
634 999 663 1058 in
677 996 837 1057 mastichen
850 1012 924 1074 quae
936 1004 966 1055 et
978 1013 1016 1054 ex
1028 994 1085 1054 alia
1100 997 1184 1074 spina

178 1081 209 1140 lit
223 1083 252 1142 in
267 1079 347 1141 ludia
360 1082 486 1161 itemque
505 1083 534 1140 in
551 1069 679 1158 Arabia,
703 1082 807 1140 lainam
822 1087 939 1140 vocant.
971 1079 1024 1138 sed
1038 1079 1210 1139 mastichett

178 1181 295 1245 quoque
312 1167 425 1242 gemina
442 1175 503 1241 est,
518 1167 651 1245 quoniam
667 1171 696 1224 et
709 1166 739 1224 in
751 1164 821 1224 heia
835 1162 1018 1242 Graeciaque
1035 1166 1184 1242 reperitur

177 1247 268 1310 herba
280 1265 296 1308 a
310 1249 411 1310 radice
426 1250 497 1310 iolla
509 1251 641 1310 emittens
655 1257 686 1308 et
702 1249 838 1308 carduum
853 1247 975 1308 similem
989 1247 1080 1323 malo,
1098 1249 1182 1308 serni

178 1336 221 1392 nis
241 1333 373 1412 plenum,
396 1335 571 1413 lacrimaeque
593 1334 716 1411 erumpit
730 1335 821 1392 incisa
836 1339 920 1412 parte
937 1347 1066 1410 summa,
1088 1333 1142 1392 rix
1155 1340 1184 1390 ut

178 1419 298 1478 dinosci
310 1420 404 1497 possit
426 1437 442 1479 a
463 1418 608 1479 mastiche·
622 1433 703 1477 vcra.
740 1435 796 1476 nec
817 1433 874 1476 non
895 1425 925 1475 et
943 1417 1031 1476 tertia
1044 1418 1075 1474 in
1090 1415 1183 1475 Ponto

179 1512 240 1577 est,
270 1502 398 1562 bitumini
431 1503 571 1577 similior,
597 1501 793 1564 laudatissima
825 1510 920 1560 autem
946 1497 1018 1560 Chia
1049 1499 1210 1574 candidus

179 1587 259 1646 cuius
271 1587 393 1663 pretium
404 1588 432 1645 in
447 1586 536 1646 libras
546 1584 573 1645 X
583 1600 618 1661 x,
636 1586 736 1663 nigrae
750 1600 823 1644 vero
839 1583 913 1644 ΧΠ.
943 1581 1016 1644 Chia
1028 1601 1044 1643 e
1057 1583 1182 1644 lentisco

172 1669 298 1728 ,traditur
314 1671 393 1746 gigni
417 1672 568 1730 cummium
585 1669 681 1730 modo.
713 1669 891 1730 adulteratur
906 1678 936 1728 ut
951 1675 1015 1727 tura
1031 1670 1142 1728 resina.

136 1761 170 1816 73
243 1752 327 1831 (37.)
351 1751 458 1812 Arabia
474 1755 647 1814 etiamnunc
668 1762 697 1813 et
715 1753 818 1814 ladano
829 1751 980 1830 gloriator.
1004 1751 1084 1812 forte
1101 1769 1181 1812 casn

178 1852 235 1913 que
255 1834 312 1894 hoc
334 1845 363 1895 et
382 1837 483 1896 iniuria
504 1835 603 1898 odoris
621 1838 683 1897 lieri
699 1838 798 1916 plures
819 1835 984 1912 tradidere,
1006 1853 1181 1916 caprasque,

177 1917 340 1978 maleficum
357 1919 428 1980 alius
449 1919 599 1982 frondibus
618 1921 736 1998 animal,
750 1922 938 1982 odoratorum
955 1937 1028 1979 vero
1047 1919 1210 1981 fruticum»

178 2002 378 2082 adpetentior,
400 2013 542 2082 tamquam
561 2005 731 2084 intellegant
749 2007 860 2085 pretia,
883 2021 1007 2084 carpere
1023 2007 1183 2082 germinum

179 2085 269 2148 caulis
284 2088 434 2166 praedulci
447 2089 560 2168 liquore
571 2091 713 2168 turgentis
725 2090 979 2166 destillantemque
990 2088 1027 2149 ab
1039 2089 1085 2149 his
1099 2105 1182 2149 casus

178 2173 299 2234 mixtura
324 2189 423 2234 sucum
452 2173 575 2252 inprobo
600 2174 752 2250 barbarum
778 2173 850 2234 villo
878 2173 1062 2250 abstergere.
1109 2173 1182 2234 hunc

178 2257 335 2334 glomerari
349 2257 489 2337 puluere,
512 2260 630 2338 incoqui
645 2259 727 2335 sole,
744 2268 774 2318 et
787 2258 855 2318 ideo
869 2260 898 2316 in
912 2257 1016 2318 ladano
1030 2273 1183 2336 caprarum

178 2340 255 2419 pilos
277 2359 354 2401 esse.
398 2341 451 2402 sed
472 2342 530 2402 boo
549 2358 606 2402 non
628 2342 697 2404 alibi
718 2343 781 2402 lieri
803 2360 887 2421 qoam
909 2342 938 2400 iu
959 2339 1121 2404 Nabataeis
1136 2341 1210 2420 quta

138 2431 296 2486 insonter
313 2424 420 2485 Arabia
433 2424 605 2486 contermini
621 2428 733 2502 Syriae.
763 2427 945 2486 recentiores
961 2423 1184 2486 exauctoribus

179 2506 300 2566 storbon
319 2508 376 2568 hoc
392 2519 515 2585 uocant,
538 2511 710 2590 traduntque
726 2511 816 2571 silvas
832 2510 960 2571 Arabum
977 2519 1063 2589 pastu
1083 2527 1183 2589 capra·

130 2610 132 2629 ,
177 2607 238 2650 rtrur
252 2591 377 2668 infringi,
392 2599 478 2671 atque
490 2594 529 2653 ita
548 2611 647 2654 sucum
658 2595 735 2655 villis
747 2595 965 2672 inhaerescere,
973 2610 1077 2654 rerum
1089 2603 1184 2672 autem

168 2671 317 2732 'ludunum
325 2672 415 2754 Cypri
436 2678 548 2738 insulae
571 2693 656 2754 esse,
678 2689 709 2739 ut
725 2679 820 2739 obiter
836 2697 968 2760 quaeque
984 2679 1099 2755 genera
1115 2677 1184 2738 orlo-

177 2774 239 2816 rum
256 2756 402 2835 dicantur,
420 2765 550 2840 momnis
567 2780 624 2822 non
644 2772 786 2824 terrarum
801 2764 912 2824 ordine,
936 2763 1068 2823 similiter
1083 2763 1144 2822 hoc
1158 2767 1211 2821 eto

177 2841 216 2901 ibi
233 2840 295 2902 lieri
309 2843 423 2904 tradunt
438 2855 467 2905 et
485 2863 554 2907 esse
569 2863 710 2926 oesypum
724 2847 869 2908 hircorum
885 2847 983 2908 barbis
999 2847 1184 2926 genibusque

176 2925 292 2986 villosis
305 2927 478 3005 inhaerens,
500 2931 552 2992 sed
567 2931 694 2992 hedeme
714 2932 787 2992 dore
801 2933 930 3007 deroso,
946 2929 1078 3010 pastibus
1095 2941 1184 2991 matu·

177 3011 260 3087 tinia,
277 3029 340 3071 cum
362 3020 409 3072 est
427 3016 576 3076 rorulenta
591 3013 716 3095 Ggpros.
749 3015 816 3076 dein
834 3016 940 3076 nebula
962 3015 1028 3074 sole
1050 3014 1185 3076 discussa

177 3095 330 3173 pulverem
345 3096 526 3157 madentibus
549 3100 626 3161 villis
649 3101 863 3161 adhaerescere
885 3109 974 3180 atque
995 3101 1035 3160 ita
1050 3098 1184 3160 ladanum
1208 3167 1210 3175 Ι

9 3247 10 3250 ¹
135 3178 306 3258 iudepecti.
337 3189 402 3242 sunt
422 3177 470 3260 q'ui
487 3183 604 3244 herbam
620 3185 649 3243 in
665 3183 764 3263 Cypro
780 3203 818 3246 ex
834 3199 890 3264 qua
902 3183 945 3262 'id
957 3184 1007 3244 fiat
1021 3181 1210 3262 ledam·ap·³i

178 3261 301 3340 pellant,
314 3265 419 3326 etenim
426 3264 472 3326 illi
481 3267 614 3327 ledanum
626 3278 749 3337 vocant..
758 3269 841 3330 huius
853 3270 970 3348 pinguia
982 3265 1124 3344 insidere,
1134 3269 1183 3326 itu·

179 3363 235 3422 que
252 3349 382 3409 attractis
404 3349 540 3410 funiculis
559 3351 679 3414 herbam
702 3368 765 3412 earn
786 3355 922 3414 convolvi
945 3363 1032 3431 atque
1054 3353 1094 3411 ita
1112 3351 1185 3412 orus

177 3428 250 3488 deri.
282 3447 355 3510 ergo
370 3434 400 3494 iu
415 3441 537 3515 utraque
552 3441 641 3512 gente
663 3437 727 3497 bina
744 3455 872 3515 genera,
894 3448 1041 3498 terrenum
1057 3445 1087 3495 et
1101 3436 1183 3496 iacti·
