2482 3910
301 186 381 236 usu.
397 186 489 243 stan.
505 189 554 238 xu.
577 183 620 242 at.
638 177 789 256 (ot-tt).
989 174 1051 242 189
1145 248 1151 262 ,

42 345 117 405 sime
137 341 252 404 oculos.
290 341 344 404 sed
363 342 419 404 bos
441 343 561 422 primum
580 344 687 419 emori,
705 343 940 410 ccrruovissime.
960 344 1049 409 lluic

41 427 221 506 praecipuus
242 425 333 488 calor.
371 427 492 504 palpitat
517 435 598 490 certe
619 437 650 488 et
671 429 752 507 qussi
775 428 897 490 alterum
915 440 1050 492 movetur

40 509 263 594 intralauimalia
275 509 427 590 praemolli
439 510 579 590 lirmoque
591 521 723 590 opertum
738 511 922 576 membranae
938 514 1049 576 involu-

43 612 109 670 cro,
122 596 257 657 munitum
270 604 415 656 costarum
427 603 457 656 et
468 596 597 675 pectoris
608 614 701 673 muro,
715 607 745 658 ut
757 598 849 675 pariat
862 598 1050 676 praecipuam

17 679 123 743 cvitse
141 697 256 741 causam
272 689 302 740 et
317 679 467 756 originem.
498 679 591 743 Prima
603 679 749 742 domicilia
761 679 834 742 intra
849 698 882 742 se
896 681 1092 748 anhno-etlsa

42 765 177 842 sanguini
201 763 324 843 praebet
346 764 464 826 sinuoso
486 782 578 844 specu
593 773 623 825 et
640 765 669 824 in
686 766 797 842 magnis
812 763 983 828 animalibus
994 768 1047 826 tri·

41 847 132 928 plici,
153 848 276 911 ianuile
298 849 495 924 congemino.
532 847 572 910 ibi
586 867 669 910 mens
685 849 803 910 habitat.
835 847 882 914 Ex
894 849 952 910 hoc
969 850 1049 912 icute

41 931 120 994 duae
139 931 266 1010 grandes
281 950 375 993 venae
393 933 422 992 in
442 933 540 1012 priora
556 942 585 994 st
600 943 683 1011 terga
698 933 871 1009 decurrunt,
888 951 1048 1014 sparsaque

40 1033 189 1078 ramorum
210 1019 289 1078 serie
307 1035 363 1096 per
385 1015 457 1080 alias
477 1019 604 1079 minores
625 1017 755 1078 omnibus
775 1016 911 1079 membris
932 1019 1049 1080 vitalem

5 1121 32 1168 m
43 1097 215 1179 seug'uineur
230 1101 334 1178 rigant.
367 1101 461 1162 solum
476 1100 534 1162 hoc
548 1103 692 1162 viscerum
707 1103 783 1164 vitiis
801 1119 858 1162 uon
875 1112 1047 1179 maceratur,

40 1203 100 1258 nec
117 1185 259 1264 supplicia
281 1187 358 1246 vitae
374 1184 477 1261 trahit,
504 1184 673 1264 laesumque
694 1194 817 1246 mortem
839 1185 919 1246 illico
943 1186 1047 1248 adiert.

42 1270 155 1330 ceteris
170 1271 318 1348 corruptis
335 1269 461 1330 vitalitas
478 1269 507 1328 iu
522 1269 612 1330 corde
628 1269 720 1330 durat.

109 1353 195 1432 (70.)
218 1353 305 1414 Bruta
320 1354 517 1414 existimantur
532 1353 693 1416 animalium
710 1352 814 1432 quibua
826 1353 926 1418 durum
941 1355 1027 1432 riget,
1038 1364 1091 1421 183

40 1437 166 1498 audacia
181 1436 285 1516 quibus
302 1455 421 1518 parvom
444 1446 505 1513 est,
529 1437 634 1517 pavida
649 1436 753 1517 quibus
768 1437 960 1516 praegrande.
989 1455 1046 1500 ma·

4 1538 160 1584 acxutnunr
181 1530 275 1582 autem
300 1531 345 1582 est
366 1523 501 1602 portione
522 1521 665 1596 muribus,
692 1519 807 1600 lepori,
824 1522 921 1597 asino,
946 1540 1045 1598 cervo,

39 1605 225 1686 pantherae,
244 1606 391 1682 mustelis,
413 1606 535 1682 hyaenia
554 1615 584 1666 et
599 1604 730 1670 omnibus
746 1606 850 1667 timidis
864 1615 913 1668 aut
927 1616 1048 1686 propter

39 1699 152 1750 unctum
171 1690 322 1751 maleiicis.
354 1689 387 1754 In
402 1690 600 1769 Paphlagonia
621 1689 687 1750 bina
703 1688 872 1769 perdicibus
889 1690 987 1752 corda.
1018 1691 1047 1751 iu

39 1790 185 1854 equorum
201 1775 291 1837 corde
307 1784 337 1836 ct
353 1775 441 1836 boum
455 1791 523 1837 ossa
537 1777 720 1854 reperiuntur
736 1773 886 1836 interdum.
915 1775 1028 1852 hogeri
1039 1784 1091 1840 184

39 1859 71 1920 id
87 1875 142 1938 per
157 1857 287 1936 singulos
302 1877 393 1928 anuos
407 1861 436 1918 in
455 1859 570 1923 bomine
586 1869 620 1922 ct
641 1859 722 1923 binas
743 1859 893 1922 drachmas
910 1860 1048 1940 ponderis

1 1943 80 2011 mad
102 1943 370 2022 quinquagesimum
391 1944 551 2019 accedere,
577 1943 613 2006 ab
636 1961 675 2004 co
691 1943 804 2008 detrahi
819 1945 1001 2022 tantundem,
1018 1952 1053 2004 et-

39 2027 111 2090 ideo
135 2043 192 2088 nou
212 2027 314 2088 vivere
335 2027 488 2102 hominem,
500 2028 576 2089 ultra
596 2029 784 2090 centesimum
802 2047 904 2090 annum
930 2029 1048 2090 deiectu

39 2109 145 2172 cordis
158 2111 296 2191 Aegyptii
319 2111 497 2188 existimant,
522 2111 625 2190 quibus
645 2129 708 2172 mos
724 2120 770 2170 cst
788 2112 932 2172 cadavera
947 2112 1046 2172 adser-

37 2213 114 2256 vare
123 2195 275 2256 medicata.
302 2189 384 2257 ilirto
398 2196 488 2258 corde
499 2197 580 2274 gigni
594 2194 733 2274 quosdam
744 2194 874 2255 homiues
887 2194 1028 2272 proditur,
1038 2204 1089 2258 185

38 2297 141 2358 neque
157 2278 230 2340 alios
244 2279 374 2342 fortioris
390 2298 457 2342 esse
471 2279 641 2354 industriae,
657 2280 732 2338 sicut
746 2277 959 2339 Aristomenem
970 2275 1046 2338 bles·

1 2365 163 2446 secutum,
173 2358 226 2444 qui
241 2376 304 2426 occ
324 2365 431 2426 occidit
446 2361 703 2429 Lacedaemonios.
739 2364 803 2442 ipse
821 2359 1046 2426 convolneratus

38 2457 147 2527 captus
163 2449 255 2510 semel
271 2467 325 2529 per
337 2465 489 2510 cavernam
504 2447 702 2509 lautumiarum
717 2448 811 2508 evasit
821 2447 969 2524 angustias
983 2447 1045 2507 vol·

38 2534 122 2613 pium
140 2532 232 2594 aditus
247 2543 374 2597 secutus.
409 2535 509 2594 iterum
525 2541 627 2611 captus
641 2532 746 2612 sopitis
761 2529 928 2592 custodibus
945 2548 1046 2593 somno

38 2617 78 2678 ad
97 2619 195 2695 ignem
213 2617 365 2680 advolutus
384 2619 447 2680 lora
469 2636 532 2680 cum
549 2633 676 2696 corpore
699 2617 821 2679 exussit.
844 2616 937 2686 »tertio
960 2625 1046 2696 capto

37 2701 264 2784 Lacedaemonii
276 2712 380 2782 pectus
398 2703 567 2764 dissecuere
579 2701 703 2776 viventi,
719 2700 918 2780 hirsutumque
934 2717 986 2762 cor
1001 2720 1046 2763 re·

0 2810 23 2836 o
61 2795 159 2858 ertum
177 2796 231 2848 est.
296 2795 298 2800 '

38 2806 58 2867 P
100 2871 184 2948 (71.)
206 2869 238 2932 ln
253 2870 343 2932 corde
359 2888 468 2932 summo
480 2869 805 2949 pinguituuoquaednn
819 2869 965 2932 est-laetis
981 2887 1029 2930 ex·
1039 2877 1091 2933 186

37 2959 90 3015 tis.
122 2972 181 3014 non
205 2974 322 3035 semper
348 2964 443 3017 autem
468 2957 498 3014 in
518 2963 601 3034 parte
621 2964 753 3017 extorum
776 2952 902 3016 habitum
924 2962 978 3014 est.
1014 2951 1046 3012 b.

37 3039 192 3100 Postumio
212 3040 320 3102 Albino
336 3057 407 3118 rege
427 3055 575 3100 sacrorum
594 3048 661 3119 post
682 3039 868 3100 centesimam
882 3038 1047 3098 vicesimam

37 3133 158 3187 sextam
174 3122 390 3204 Olympiadem,
413 3141 478 3184 curn
493 3141 547 3184 rex
562 3115 689 3199 Pyrihus
704 3141 742 3184 ex
762 3122 844 3184 ltalia
858 3121 1047 3196 decessisset,

38 3227 98 3272 cor
117 3209 149 3270 in
172 3211 247 3272 extis
266 3209 439 3289 haruspices
460 3209 606 3286 inspicere
621 3216 793 3287 coeperunt.
823 3204 942 3266 Caesari
957 3203 1046 3267 dicta·

36 3295 116 3371 tori,
135 3310 192 3371 quo
209 3292 255 3355 die
270 3294 391 3373 primum
407 3303 490 3354 veste
505 3310 651 3372 purpurea
667 3294 813 3371 processit
831 3299 916 3369 atque
934 3287 962 3347 in
973 3288 1047 3348 sella

39 3397 134 3442 aurea
159 3377 443 3453 sedit,sacrihcanti
463 3377 508 3438 bis
531 3378 559 3436 in
583 3376 658 3438 eutis
681 3377 781 3438 deluit.
816 3373 891 3435 uude
907 3373 1047 3451 ¹quaestio

37 3481 150 3544 magna
170 3464 209 3526 de
230 3464 405 3524 divinatione
429 3460 709 3541 argumentantibus,
732 3459 897 3541 potueritne
917 3457 980 3518 sine
997 3455 1048 3519 illc
