2482 3910
302 203 381 248 unu.
386 161 388 164 ⁵
402 201 492 250 ιιιιι.
509 203 543 249 x
561 201 679 254 cu-cc
698 194 851 274 (tc-to)
929 283 930 288 Ἰ
1006 195 1065 258 tlt
1233 183 1238 198 ⁴

66 356 195 420 vicentia
210 355 282 414 iutra
299 364 434 433 putamen
447 373 506 416 uox
523 357 642 420 auditur
676 357 711 418 ab
731 357 837 421 codem
850 369 983 440 tempore
1002 364 1064 442 plu·

31 446 32 449 ’
66 441 188 514 mosoll,
212 439 251 499 ita
266 442 378 517 positus
397 447 428 499 ut
452 450 541 519 caput
559 459 647 520 supra
665 441 795 504 dextrum
820 445 924 528 pedem
948 446 1063 523 habeat

67 525 198 584 dextram
222 540 293 584 vero
317 523 389 584 alum
420 541 506 602 supra
533 535 627 604 caput.
661 526 777 586 vitellus
801 523 935 605 paulatim
956 530 1063 594 delicit.

66 625 140 668 aves
158 625 259 667 omnes
274 607 302 666 iu
317 609 410 686 pedes
425 619 588 683 nascuntur,
613 619 712 670 contra
728 627 812 709 quam
831 612 942 692 reliqua
960 615 1063 674 auima-

40 715 52 753 ι
65 692 116 751 lra
148 690 295 764 Quaedam
311 691 436 769 gallinae
449 695 542 755 omuia
552 695 666 770 gemina
678 711 734 754 cua
749 691 860 772 pariunt
876 705 907 755 et
915 713 1048 772 gemmus
1056 707 1107 761 150

65 775 208 836 interdum
224 775 389 850 excludunt,
403 786 439 836 ut
453 773 605 836 Cornelius
622 775 727 838 Celsus
741 787 843 838 auctor
858 787 918 854 est,
943 779 1065 840 alterum

64 860 215 918 maiorem.
240 857 328 938 aliqui
342 870 449 936 negant
464 862 577 922 omnino
587 861 720 938 geminos
736 861 862 922 excludi.
884 862 990 922 Plus
962 880 1064 924 vrceua

65 945 154 1022 quina
177 942 458 1010 incubandasubici
478 953 584 1005 vetant.
622 961 728 1024 parare
751 963 767 1004 a
792 943 891 1006 bruma
917 947 1062 1025 incipiunt.

65 1037 185 1106 optuma
199 1027 292 1088 fetura
304 1036 369 1088 ante
379 1046 496 1091 uernum
509 1029 729 1108 aequinoctium.
754 1039 821 1106 post
834 1030 987 1090 solstitium
998 1039 1064 1092 nata

30 1125 55 1167 m
64 1127 124 1172 nou
140 1109 254 1189 inplent¹
265 1111 484 1188 magnitudinem
499 1114 616 1188 iustam,
635 1122 773 1191 tantoque
789 1115 881 1174 minus
896 1124 1001 1194 quanto
1016 1133 1063 1175 se·

64 1197 125 1254 rius
144 1211 318 1272 provenere.

130 1279 180 1338 54.
199 1279 283 1356 (75.)
306 1277 367 1338 Ova
393 1278 521 1339 incubari
542 1281 614 1338 intra
637 1280 739 1340 decem
760 1281 822 1340 dies
842 1282 917 1340 edita
933 1282 1104 1346 uidisti-151

64 1381 151 1422 mum.
181 1371 282 1422 vetera
300 1371 349 1421 aut
363 1365 526 1424 recentiora
540 1363 702 1423 iuiccuudu.
728 1362 821 1424 subici
835 1365 927 1442 inpari
944 1383 1063 1426 numero

65 1447 183 1506 debent.
220 1456 322 1524 quarto
340 1446 387 1506 die
400 1456 552 1525 postquam
569 1463 697 1524 coepere
712 1447 851 1523 incubari,
868 1450 892 1507 si
909 1459 1008 1510 contra
1021 1451 1062 1510 lu·

30 1543 55 1586 ιι
63 1549 131 1590 meu
148 1532 295 1590 cacumine
317 1547 437 1590 ovorum
453 1530 636 1610 adprolrcuso
656 1549 710 1592 uua
724 1547 807 1590 manu
823 1549 911 1610 purus
926 1540 957 1593 ct
967 1535 1063 1594 unius-

64 1615 142 1674 modi
159 1614 310 1692 perluceat
325 1615 426 1714 color..
448 1614 558 1674 sterilia
576 1616 782 1677 existumentur
803 1633 870 1675 osse
891 1633 1005 1716 proque
1020 1619 1064 1678 eia

65 1699 122 1758 alia
139 1698 347 1758 substituenda.
375 1701 426 1758 et
418 1717 446 1757 ιιι
468 1717 542 1777 aqua
558 1708 603 1758 est
625 1700 860 1777 experimentum
893 1702 977 1761 inane
1001 1701 1063 1761 dui-

64 1792 106 1842 tat
108 1780 231 1864 ,itaque
244 1783 375 1858 sidentia,
389 1782 445 1844 hcc
458 1792 502 1842 est
517 1782 614 1860 pleno,
630 1783 722 1844 subici
732 1783 841 1844 volunt.
863 1786 977 1846 concuti
991 1803 1063 1846 veru

56 1861 268 1944 experimento
283 1875 397 1942 vetunt,
418 1867 552 1945 quonium
572 1883 629 1928 nou
654 1870 773 1944 pipulum
788 1868 914 1928 occlusis
928 1869 1063 1930 uitalibus

29 1953 159 2012 muenia.
189 1949 368 2012 incubationi
394 1952 475 2012 datur
500 1951 606 2013 initium
633 1961 700 2030 post
720 1969 823 2014 novam
845 1952 954 2028 inuam,
983 1955 1106 2032 quinutu

17 2067 29 2098 t
64 2037 145 2114 prius
163 2034 297 2104 iuclroata
313 2052 370 2099 uon
393 2036 573 2114 proveniant.
605 2035 730 2096 celerius
753 2036 942 2096 excluduntur
960 2037 1062 2098 calidis

64 2119 178 2181 diebus.
199 2119 266 2178 ideo
279 2127 389 2178 aestate
402 2118 615 2179 undevicesimo
629 2119 753 2180 educunt
763 2120 862 2192 letum,
875 2118 968 2178 hicme
981 2133 1062 2180 xxv.

63 2205 88 2261 si
101 2201 230 2262 incubitu
245 2205 347 2276 tonuit,
367 2209 571 2280 compereunt,
593 2211 623 2260 et
644 2203 789 2279 accipitris
809 2202 904 2261 audita
923 2219 998 2261 voco
1020 2204 1062 2261 vi·

64 2289 179 2348 tiautur.
206 2286 361 2350 remedium
373 2295 472 2345 contra
483 2287 603 2344 tonitrus
615 2285 715 2344 clavos
730 2285 844 2344 ierreus
859 2283 912 2342 sub
928 2286 1063 2346 stramine

28 2384 188 2429 mororum
206 2372 316 2448 positus
333 2378 385 2430 aut
397 2379 474 2428 terra
491 2378 650 2430 exaratio.
671 2368 811 2446 quaedam
825 2376 919 2428 auteur
938 2378 967 2428 ct
976 2369 1047 2430 citra
1055 2377 1106 2432 153

64 2453 221 2514 incubitum
236 2463 339 2532 sponte
357 2463 457 2514 natura
472 2453 572 2532 giguit,
587 2462 618 2511 ut
633 2452 662 2511 iu
676 2453 805 2531 Aegypti
821 2452 934 2513 limatis.
962 2453 1064 2514 scitum

65 2538 102 2597 de
126 2537 250 2615 quodam
271 2538 416 2615 reperitur
431 2537 583 2611 Syracusis
606 2536 710 2596 tamdiu
735 2546 838 2615 potare
853 2536 984 2613 solitum,
1012 2536 1062 2597 do·

63 2639 121 2680 nec
137 2629 277 2699 cooperta
295 2629 372 2680 terra
387 2620 476 2680 lotum
497 2621 619 2682 ederent
633 2637 717 2679 ova.

129 2705 181 2763 55.
199 2705 282 2784 (76)
303 2703 378 2777 ortu
390 2690 419 2764 e't
436 2702 472 2763 ab
485 2704 600 2764 homine
616 2705 811 2782 perliciuutur.
833 2702 904 2764 lolia
916 2703 1047 2780 Augusta
1055 2713 1105 2768 154

29 2801 54 2847 ιι
65 2790 157 2866 prima
168 2790 341 2849 suaiurenta
351 2784 470 2848 Tiberio
481 2786 608 2848 Caesare
621 2786 784 2848 exNerorte
794 2787 924 2863 gravida
939 2803 1002 2848 cum
1013 2803 1062 2866 pu·

63 2889 132 2931 rere
145 2873 257 2932 virilem
272 2889 373 2934 sexum
384 2872 535 2934 admodum
546 2881 678 2949 cuperet,
691 2869 747 2930 lroc
760 2886 810 2930 usa
821 2880 866 2932 est
877 2871 1000 2949 puellari
1012 2887 1061 2930 au·

63 2958 161 3034 gorio,
178 2971 264 3016 cucur
276 2957 304 3016 iu
316 2957 378 3018 sinu
391 2952 517 3014 fovendo
529 2964 626 3033 atque,
640 2971 703 3014 oum
718 2954 919 3032 deponendum
929 2954 1061 3028 luberet,

61 3040 167 3102 nutrici
193 3057 247 3118 per
267 3040 358 3111 sinum
384 3039 540 3114 tradendo,
564 3056 601 3098 ne
625 3039 861 3098 intermitteretur
883 3049 977 3118 tepor.
1007 3053 1063 3096 noc

61 3123 141 3183 falso
168 3132 307 3200 augurata
328 3123 468 3202 proditur.
501 3121 601 3199 Nuper
622 3121 688 3180 inde
709 3120 842 3184 lortamis
862 3124 1006 3182 inuentum
1031 3129 1063 3180 ut

26 3225 51 3267 ιι
63 3225 121 3268 ova
139 3209 168 3266 in
184 3208 279 3268 calido
296 3207 363 3268 loco
376 3208 499 3285 inposita
514 3205 608 3285 paleis
618 3206 686 3281 igue
697 3206 811 3266 modico
827 3207 995 3265 foverentur
1010 3204 1061 3264 lrc·

61 3293 141 3360 mine
155 3300 305 3367 versante,
326 3293 493 3370 pariterque
508 3298 538 3349 et
555 3298 630 3348 stato
654 3289 701 3351 die
716 3290 776 3350 illic
795 3295 959 3368 erumperet
973 3287 1060 3348 letus.

62 3375 198 3436 Truditur
218 3376 359 3454 quaedam
379 3391 425 3434 urs
444 3373 575 3450 gallinari
600 3373 744 3434 cuiusdam
767 3375 888 3436 dicentis
910 3372 987 3453 quod
1004 3389 1041 3430 ex
1052 3382 1104 3436 155

61 3477 180 3537 quaque
195 3467 284 3519 esset.
320 3457 477 3518 Narrautur
493 3465 522 3516 et
536 3466 646 3516 mortua
667 3458 773 3533 gallina
791 3457 996 3599 prompturum
1008 3457 1061 3516 visi
