2462 3900
253 193 333 240 usu.
350 193 442 242 uusu.
465 192 555 240 unu.
573 186 692 245 lit-16.
711 181 853 261 (14-19)
987 182 1048 249 269
1060 225 1079 261 -f

51 347 220 409 motorium
233 346 347 406 luerunt
363 357 392 408 et
406 349 443 409 sd
459 338 633 426 anesusque
650 357 783 423 nostros,
799 348 868 428 quia
880 358 909 411 et
922 347 1047 413 Falerno

9 479 11 488 a
51 431 254 508 lauronem,
275 431 351 490 sicut
368 431 488 509 adparet
507 431 611 490 exilio
634 432 737 490 comici
754 449 855 492 versu:

99 513 271 592 Quinque
288 513 415 576 Thasii
438 516 510 574 vini
526 516 752 593 depromam,
771 516 856 575 bina
873 513 1030 576 Falerni,
1127 581 1130 588 ,

50 596 78 656 Ρ.
93 595 215 658 licinius
232 595 357 660 Crassus
370 597 401 660 L.
417 597 507 660 lulius
519 597 628 662 Caesar
644 617 784 670 censores
799 613 873 660 anuo
889 599 969 660 urbis
980 619 1047 662 cou-

32 681 122 742 illitae
137 696 265 746 Dosa-xvi
290 683 452 757 calluerunt,
466 701 508 742 ne
525 683 608 761 quis
625 683 748 746 viuum
760 682 937 748 Graecum
954 683 1048 744 Arui-

50 767 1047 847 usumqueoctonisaerissingulaquadrantaliaven·

51 847 157 910 deret.
181 849 347 928 haeceuim
361 851 453 914 verba
468 861 541 911 suut.
564 861 642 912 tanta
657 869 729 912 vero
743 851 857 914 Gracco
873 853 941 913 vino
956 854 1048 928 gratia

51 941 109 1022 erat
124 945 152 994 ut
166 935 299 1016 singulae
313 937 449 1013 potiones
464 935 493 996 in
509 938 642 996 conuictu
657 936 802 998 darentur.
913 1014 915 1018 ,
939 936 941 942 ’

108 1019 190 1097 (17.)
222 1017 333 1092 Quibus
359 1021 433 1080 uiuis
455 1023 610 1080 auotoritas
632 1020 719 1080 luerit
742 1037 793 1080 sua
812 1021 841 1082 iu
863 1037 979 1094 mensa,
1004 1017 1042 1078 ll.
1057 1027 1091 1083 96

9 1099 200 1166 ἰονεηοὴίε
213 1101 310 1164 vorbis
328 1104 426 1166 tradit:
450 1103 480 1163 b.
498 1103 675 1166 Lucullus
691 1122 785 1181 puer
800 1105 1050 1182 omnipatrem

49 1203 233 1264 numquam
259 1186 393 1250 lautum
424 1189 634 1249 convivium
661 1187 771 1262 vidit,
802 1189 836 1248 in
866 1206 937 1265 quo
967 1189 1049 1266 plus

49 1272 158 1330 semel
181 1269 363 1334 Graecum
385 1272 505 1332 viuum
529 1271 693 1331 daretur.
727 1272 810 1348 ipse
835 1289 912 1332 curn
933 1271 1049 1331 rediit

49 1370 89 1412 ex
106 1353 208 1432 Asia,
232 1353 332 1414 miliu
349 1355 476 1416 cadum
498 1353 876 1432 congiariumdirisit
893 1355 1048 1432 amplius

49 1447 201 1498 centum.
244 1437 277 1498 C.
305 1439 478 1515 Sentius,
507 1457 612 1518 quem
637 1448 850 1518 praetorem
876 1439 1052 1513 vidimus3

20 1517 169 1595 asebium
197 1524 315 1585 vinum
344 1539 444 1584 suam
466 1523 605 1584 domum
630 1523 786 1584 inlatum
807 1521 957 1585 dicebat
978 1531 1049 1580 tum

49 1607 225 1681 primum,
262 1625 337 1667 cum
363 1607 435 1668 sibi
468 1607 648 1668 cardiaco
674 1606 838 1666 medicus
868 1605 1047 1666 dedisset.

48 1686 273 1752 llurtcusius
290 1709 406 1770 super
422 1705 485 1754 xus
506 1691 776 1754 cadumheredi
792 1691 958 1770 reliquit.
982 1690 1048 1750 bac-

47 1779 127 1834 tcuus
145 1777 252 1836 Varro.
289 1777 339 1839 15.
369 1773 464 1850 Quid?
497 1793 554 1839 uun
581 1774 745 1841 etllaesar
772 1773 897 1836 (limatur
914 1774 1047 1854 triumphi
1059 1781 1092 1836 97

49 1859 88 1916 sui
105 1878 177 1921 cena
193 1860 250 1918 vini
265 1857 382 1922 Falerni
397 1861 567 1940 amphoras,
582 1859 645 1920 chii
659 1861 749 1922 cubos
761 1860 789 1920 in
808 1860 942 1920 conuiuia
956 1859 1050 1918 distri-

20 1938 124 2002 abuit?
154 1945 231 2005 idem
245 1943 432 2024 Hispaniensi
451 1945 596 2024 triumpho
613 1943 714 2006 Chium
735 1953 765 2004 et
780 1942 935 2007 Falernum
956 1941 1048 2018 ‹detlit³

50 2026 135 2101 epulo
149 2046 222 2086 vero
242 2030 270 2088 in
290 2032 377 2089 tertio
400 2030 552 2090 consulatu
574 2042 627 2086 suo
645 2027 956 2103 Falernum„0bium,
980 2024 1049 2086 bes·

50 2106 141 2188 bium,
166 2110 379 2186 Mamertinum,
405 2130 462 2190 quo
484 2120 617 2187 tempore
643 2113 765 2187 primum
788 2119 923 2186 quattuor
941 2127 1050 2184 genera

50 2193 103 2254 uiui
122 2195 253 2272 adposita
274 2204 397 2256 constan.
427 2202 532 2270 postea
547 2210 619 2269 ergo
636 2193 750 2269 reliqua
762 2193 856 2264 omnia
872 2193 900 2249 in
916 2190 1048 2253 nobilita·
1093 2201 1098 2218 '

49 2282 102 2339 lem
120 2295 231 2338 venere
248 2279 364 2338 circiter
382 2278 668 2354 septingentesimum
684 2275 762 2336 urbis
777 2288 889 2336 aunuum
1020 2301 1021 2304 ¹

20 2373 41 2433 ,ts
111 2364 160 2422 16.
186 2361 270 2440 (18.)
296 2359 397 2440 ltaque
418 2377 476 2420 uon
495 2361 583 2420 miror
598 2359 814 2422 innumerabilia
832 2377 925 2438 paene
937 2374 1049 2434 genera
1058 2367 1093 2423 98

49 2443 146 2504 beticii
161 2455 278 2522 reperta
289 2445 385 2506 multis
396 2453 463 2506 aute
476 2445 612 2520 saeculis,
625 2463 699 2522 quae
715 2443 941 2518 benedicemus,
957 2443 1050 2503 omnia

49 2529 82 2590 ud
99 2528 259 2590 medicinae
276 2548 357 2590 usum
370 2531 553 2608 pertinentia.
582 2528 768 2608 Omphacium
781 2545 837 2608 quo
853 2527 1048 2603 nouellaret,

49 2621 168 2692 propter
190 2623 334 2691 unguenta
356 2615 477 2674 diximus
493 2615 592 2693 priore
611 2614 695 2674 libro.
730 2614 760 2672 fic
779 2631 796 2672 e
813 2612 965 2687 labrusca,
981 2611 1038 2671 boc
1051 2609 1086 2688 ‚¹3²5

51 2703 93 2756 cst
107 2698 166 2757 vite
182 2698 318 2774 silvestri,
333 2699 410 2778 quod
422 2708 543 2758 vocatur
557 2697 768 2758 oenanthinum.
790 2695 879 2756 utores
892 2699 954 2756 cius
969 2695 1049 2757 libris

22 2777 159 2847 asinabus
188 2783 217 2842 in
243 2783 327 2844 musti
354 2783 434 2855 cadu-
451 2784 590 2843 macerati
613 2791 680 2860 post
708 2781 771 2842 dias
800 2793 874 2840 xxx
899 2788 1049 2840 mutantur.

50 2867 246 2940 praeterhac
271 2867 353 2927 radix
376 2866 530 2927 labruscae
555 2876 584 2926 et
609 2866 683 2926 acini
711 2865 790 2926 curia
817 2865 979 2943 perficiunt.
1019 2862 1092 2927 nisa

51 2950 134 3023 paulo
156 2961 224 3030 post
243 2969 332 3030 quam
351 2950 517 3012 defloruere
536 2950 684 3028 singulare
705 2949 862 3012 remedium
883 2947 990 3008 habent
1014 2945 1049 3006 aul

51 3033 267 3112 refrigerandos
288 3038 316 3096 iu
338 3035 448 3097 morbis
465 3051 620 3113 corporum
641 3033 779 3109 ardores,
801 3031 996 3110 gelidissima,
1019 3039 1050 3088 ut

52 3112 159 3197 ferunt,
181 3129 289 3180 natura.
320 3136 511 3200 nausearum
532 3128 613 3180 aestu
629 3118 767 3188 'moritur
775 3119 855 3197 prius
877 3133 960 3193 quam
981 3112 1048 3176 reli-

23 3214 117 3280 uqua,
130 3205 178 3284 qui
189 3203 360 3265 solstitiales
374 3203 513 3263 dicuutur.
542 3202 667 3262 universi
678 3217 830 3282 numquam
844 3207 1048 3273 nemeaeum,

53 3292 80 3342 et
96 3287 120 3346 si
137 3289 314 3367 priusquam
329 3296 638 3351 totamarcescatuva
654 3287 767 3348 incocta
784 3285 867 3347 detur
881 3283 947 3343 cibo
964 3281 1047 3359 galli·

53 3371 428 3450 naccogeneri,lasti‹lium
443 3372 534 3449 giguit
551 3389 621 3430 uvas
637 3367 801 3450 adpetendi.
1034 3385 1036 3390 ·
1125 3361 1130 3394 ³

111 3455 232 3535 (19.1.)
249 3453 433 3517 Fictioiorunu
448 3459 567 3534 primurn
580 3454 611 3516 bl
624 3473 660 3514 cn
675 3455 740 3534 ipso
751 3454 818 3514 vino
831 3452 909 3531 quod
924 3460 1029 3512 vooaut
1041 3462 1091 3516 lou
