2444 3910
170 185 189 248 8
497 157 499 160 ⁵
518 193 548 241 c.
564 195 659 240 rnrur
673 183 822 241 saeuum

170 353 244 412 inter
260 350 392 429 exempla
407 353 436 409 in
447 359 559 410 uterum
574 350 704 426 protinus
719 365 857 408 reversus
872 348 965 408 inians
976 349 1100 428 Sagnti
1117 369 1182 430 qno

171 443 245 496 anno
261 435 357 495 deleta
371 433 406 496 ab
422 433 581 494 Hannibale
597 441 650 491 est.

128 533 162 587 36
231 521 260 580 4.
284 517 328 578 iix
344 520 456 579 feminis
467 518 569 578 mutari
581 519 609 576 in
619 517 707 576 maris
718 533 775 576 non
787 524 833 574 est
843 515 1018 576 fabulosum.
1034 549 1085 566 —·
1095 520 1179 580 inve·

155 599 157 604 ’
171 607 260 664 nimus
274 605 302 662 in
317 603 465 664 annalibus
481 602 512 661 P.
524 600 634 661 bioinio
651 599 758 660 Crasso
778 597 811 658 G.
823 597 927 660 Cassio
942 599 1076 679 Longino
1095 621 1177 664 eoas.

171 687 266 748 Casini
287 705 406 766 puerum
429 687 535 746 iactum
558 703 596 746 ex
616 687 728 762 virgine
747 683 803 744 sub
824 684 1008 762 parentibus,
1031 687 1197 766 iussuques

168 773 350 850 haruspicum
374 771 555 849 deportatum
577 770 606 827 in
624 769 746 830 insulana
760 769 915 829 desertam.
958 768 1086 830 Licinius
1115 771 1177 834 Hu-

170 859 268 916 oionus
291 854 416 933 prodidit
443 854 571 913 visuma
596 871 630 913 se
653 853 740 930 Argis
761 852 968 927 intereuntem,
996 855 1042 914 oui
1065 873 1178 916 muron

168 941 334 1000 Arescusae
349 939 455 1013 inisse,
469 937 601 1016 nupsisse
619 938 720 1011 etiam,
742 954 809 995 mox
827 935 944 997 barbanu
960 946 990 998 et
1005 938 1177 1000 virilitatem

168 1024 340 1103 provenisse
357 1038 538 1100 uxoremque
554 1023 687 1082 duxisse.
720 1021 849 1080 eiusdem
870 1023 958 1081 sortis
980 1031 1009 1082 et
1027 1022 1177 1100 Zmyrnae

169 1125 288 1186 puerum
308 1124 323 1166 a
345 1108 496 1166 sevisum.
533 1107 643 1184 ipsein
662 1105 762 1164 Airioa
783 1105 841 1165 vidi
856 1115 992 1166 mutatum
1012 1108 1041 1165 in
1059 1123 1201 1169 maremo

126 1201 159 1256 37
168 1193 326 1268 nuptiarum
351 1189 397 1249 die
416 1189 446 1250 1..
466 1187 627 1250 Cossioium
650 1191 743 1250 eirem
761 1188 988 1266 Thysdritanum.
1010 1223 1052 1238 --
1083 1193 1173 1254 editis

168 1275 288 1352 geminis
304 1279 397 1334 raram
412 1291 479 1334 esse
496 1285 543 1334 aut
558 1291 722 1353 puerperae
732 1283 781 1333 aut
790 1277 948 1353 puerperio
964 1285 1174 1356 praeterquam
1220 1325 1221 1350 .

168 1358 251 1419 aiteri
265 1360 359 1418 vitam.
392 1359 501 1418 sivero
515 1361 665 1437 utriusque
681 1375 770 1418 sexus
786 1358 855 1418 editi
870 1361 925 1418 sint
938 1361 1060 1436 gemini,
1076 1363 1173 1422 rario-

167 1462 228 1504 rem
251 1445 364 1522 utrique
387 1442 519 1502 salutem.
565 1443 684 1503 feminas
706 1443 832 1504 celerius
852 1445 932 1520 gigni
957 1461 1042 1520 quam
1068 1449 1172 1521 maris,

136 1538 144 1552 ·
167 1527 251 1586 siouti
268 1528 393 1588 celerius
407 1543 576 1587 senescere.
607 1530 723 1606 saepius
738 1529 768 1586 in
781 1536 864 1586 utero
886 1529 997 1587 moveri
1012 1529 1120 1605 maris,
1143 1537 1201 1590 eto

167 1612 194 1670 in
210 1610 329 1670 dextera
344 1611 408 1671 iere
425 1613 489 1688 geri
505 1621 604 1690 parte,
627 1614 656 1672 in
672 1612 753 1672 laeva
771 1610 902 1672 feminas.

124 1704 158 1758 38
228 1695 256 1753 5.
275 1695 337 1774 (4.)
370 1693 484 1754 Ceteris
500 1695 686 1756 animantibus
707 1705 809 1756 statum
827 1705 856 1756 et
868 1697 1001 1775 pariendi
1023 1705 1052 1756 et
1068 1707 1172 1776 partus

166 1779 287 1853 gerendi
300 1788 413 1857 tempus
425 1787 480 1856 est,
496 1779 581 1838 bomo
594 1789 659 1839 toto*
668 1790 787 1840 anneot
796 1782 908 1841 incerto
920 1782 1047 1858 gignitur
1058 1783 1170 1859 spatio,
1219 1787 1221 1844 i

167 1851 238 1921 alius
254 1871 385 1940 septumo
401 1881 519 1939 mense,
540 1864 613 1923 alius
630 1873 734 1924 octavo
753 1874 786 1924 et
796 1883 888 1942 usque
909 1864 945 1925 ad
960 1865 1038 1925 initia
1054 1866 1170 1926 deoumi

165 1946 380 2030 undeoimique.
418 1957 483 2008 ante
505 1956 665 2026 septumum
685 1964 813 2022 mensem
830 1948 898 2008 haut
917 1967 1049 2027 umquam
1069 1951 1198 2010 vitalina
1220 1983 1221 2026 3

168 2039 222 2090 est.
258 2040 389 2110 septumo
405 2047 463 2090 non
484 2033 537 2091 nisi
552 2033 646 2112 pridie
662 2039 820 2111 posterove
842 2033 982 2111 pianiiuni
997 2033 1044 2094 dia
1064 2037 1169 2094 autin·
1220 2029 1221 2046 ¹

122 2117 289 2180 39terlunio
311 2117 446 2194 concepti
467 2127 629 2178 naseuntur.
674 2117 839 2178 tralatitium
860 2120 888 2176 in
908 2115 1047 2196 Aegypto
1071 2127 1119 2178 eat
1142 2129 1170 2178 at

165 2209 268 2260 oetavo
285 2203 373 2279 gigni.
404 2203 459 2260 iam
474 2201 589 2281 quidem
605 2211 633 2261 et
648 2203 676 2260 in
691 2200 774 2261 ltalia
791 2201 856 2260 talis
872 2211 969 2279 partus
987 2217 1054 2261 esse
1070 2202 1169 2262 uitalis

165 2296 265 2346 eontra
288 2289 449 2364 priscorum
474 2288 635 2366 opiniones.
664 2287 784 2345 ¹*uariant
805 2285 878 2344 haee
904 2285 1034 2362 pluribus
1061 2287 1167 2346 modis.

162 2369 275 2430 Vistilia
292 2368 324 2430 C.
341 2371 399 2432 Lioi
415 2389 450 2430 ao
465 2381 569 2450 postea
586 2371 726 2448 Pomponi
742 2379 829 2448 atque
843 2367 926 2428 Ordti
942 2370 1197 2430 clarissimorum

165 2455 267 2512 civium
285 2456 390 2513 ooniux
409 2471 446 2514 ex
457 2454 501 2514 his
516 2463 653 2533 quattuor
667 2463 766 2532 partus
780 2455 882 2528 enixa,
899 2463 1033 2532 septumo
1049 2471 1168 2533 semper

164 2553 279 2609 mense,
298 2539 403 2613 genuit
426 2537 555 2596 Suillium
581 2537 685 2597 Rufum
708 2539 877 2613 undecimo,
904 2535 1102 2598 Corbulonem
1121 2557 1165 2598 se·
1219 2533 1221 2596 i

164 2627 277 2696 ptumo,
297 2629 447 2698 utrumque
466 2621 631 2696 consulem,
650 2632 754 2700 postea
771 2620 942 2682 Caesoniam
959 2621 1010 2683 Gai
1026 2623 1166 2700 principis
1218 2609 1221 2694 ἶ

88 2717 98 2740 ¹
121 2704 315 2778 ioeoniugem
334 2711 449 2764 octavo.
487 2703 591 2783 inquo
607 2723 735 2766 mensum
751 2723 869 2768 numere
883 2707 988 2784 genitis
1005 2709 1080 2766 intra
1096 2723 1164 2786 qua·
1220 2709 1221 2712 ’

163 2784 354 2862 dragesimam
369 2789 443 2848 diem
458 2807 606 2850 maxumus
624 2790 723 2866 labor,
746 2791 874 2869 gravidis
894 2802 989 2852 autem
1010 2799 1114 2869 quarto
1137 2799 1195 2850 etna

163 2879 267 2930 octavo
284 2888 399 2948 mense,
410 2873 579 2954 ‘letalesque
593 2877 621 2935 in
635 2877 671 2935 iis
687 2875 816 2936 abortus.
845 2875 988 2936 Masurius
1003 2883 1106 2935 aneton
1122 2881 1165 2934 est

162 2951 192 3014 L.
210 2954 352 3034 Papirium
368 2967 531 3035 praetorem
547 2961 677 3020 osmundo
692 2960 803 3020 herede
816 2960 885 3038 lege
902 2969 1008 3038 agento
1023 2959 1164 3020 bonorum

162 3041 380 3117 possessionem
395 3042 500 3102 oonua'
513 3061 576 3104 enm
590 3044 724 3120 dedisse,
741 3061 804 3104 oum
814 3053 906 3105 mater
922 3055 1034 3124 partum
1050 3063 1083 3104 se
1099 3053 1164 3104 11111
1219 3101 1221 3110 ,

161 3124 308 3184 mensibus
336 3124 448 3186 diceret
474 3129 595 3205 tulisse,
618 3131 758 3207 ‘quoniam
780 3129 888 3190 nulium
912 3138 1022 3190 eertum
1050 3138 1162 3207 tempus

162 3209 293 3285 pariendi
311 3217 413 3270 statum
429 3212 585 3272 videretur.
1170 3223 1194 3264 ³⁵
1214 3253 1221 3290 ἐξ

119 3299 152 3354 41
223 3293 251 3354 6.
271 3295 333 3374 (5.)
364 3294 390 3353 Α
413 3305 556 3374 conseptu
573 3297 695 3356 dommo
718 3298 764 3358 die
781 3299 901 3362 doiores
919 3299 1039 3376 eapitis,
1062 3297 1162 3356 oonia-

161 3391 222 3433 rum
242 3381 401 3456 vertigines
422 3379 637 3459 tenebraeque,
663 3382 806 3442 fastidium
828 3384 856 3440 in
878 3382 970 3458 cibis,
994 3379 1163 3441 redundatio

161 3463 426 3554 storpaohiindioes
448 3475 512 3526 sunt
527 3466 648 3526 hominis
664 3465 799 3530 inchoati.
832 3467 936 3526 melior
959 3465 1042 3524 ooios
1056 3481 1165 3524 marem
