2444 3908
165 199 169 206 ·
202 198 204 204 ·
267 201 360 285 luna.
382 201 472 250 sisu.
491 198 579 250 v1111.
599 197 685 254 Η.
706 189 823 271 (με.)
1012 189 1053 254 at

18 353 201 416 varietatis
219 363 248 414 et
262 353 474 432 magnitudinis,
494 370 550 415 nec
565 355 720 434 pauciores
742 358 771 415 in
791 357 946 420 Santonum
965 359 1063 422 litore·

20 440 185 517 interque
201 438 329 516 reliquas
352 438 524 516 elephantos
546 448 575 499 et
589 441 697 500 arietes
715 441 842 502 candore
862 451 968 503 tautum
984 460 1048 505 cor·

15 521 131 583 *nibus
157 523 353 599 adsimulatis,
370 521 512 583 Nereidas
529 535 601 583 tero
616 525 730 585 multas.
754 525 908 586 Turranius
924 528 1051 606 prodidit
1062 541 1095 596 11

25 606 205 685 expulsare
224 605 339 668 belnam
359 608 388 666 ia
404 605 542 668 Gaditano
562 609 649 669 litore
667 609 748 669 cuius
768 611 842 670 inter
864 609 935 670 duas
951 613 1053 690 pinnas

13 691 167 750 *ultimae
183 690 294 752 caudae
310 690 406 752 cubita
426 691 553 752 sedecim
569 694 701 768 inissent,
712 693 815 754 dentes
830 694 960 754 eiusdem
972 705 1052 773 cxx,

28 777 176 836 maxumi
199 775 380 836 dodrantium
400 793 552 852 mensura,
582 779 696 838 minimi
720 777 909 857 semipedum.
945 776 1054 838 Beluae

29 860 89 920 cni
107 857 265 919 dicebatur
281 861 414 939 exposita
430 860 720 922 luisse·Andronreda
737 879 804 921 ossa
819 861 929 923 llomae
949 863 1053 941 adpor-

28 951 104 1003 tata
121 959 165 1002 ex
181 943 289 1021 oppido
304 941 430 1005 iudaeae
447 943 520 1023 lupe
544 947 669 1006 ostendit
692 947 767 1006 inter
789 945 900 1025 reliqua
917 946 1054 1006 miracula

33 1027 72 1086 in
89 1025 245 1086 aedilitate
262 1045 314 1088 sua
329 1027 366 1088 ll.
384 1029 510 1089 Scaurus
526 1028 705 1106 longitudine
718 1031 823 1110 pedum
833 1043 891 1107 xe,
907 1030 1054 1090 altitudine

12 1099 199 1172 ocdstarum
215 1109 331 1172 Indicos
344 1111 519 1191 elephantos
539 1114 719 1190 excedente,
742 1109 842 1194 spinae
865 1114 1054 1174 crassitudine

36 1193 261 1274 sesquipedali.

113 1277 144 1338 6.
162 1279 226 1358 (5.)
250 1279 395 1354 Balaeuae
414 1289 444 1340 et
465 1281 605 1341 innostra
622 1283 710 1343 maria
732 1289 893 1360 penetrant.
925 1281 953 1339 in
968 1278 1051 1341 Gadi·
1064 1289 1096 1344 n

32 1372 117 1424 ·tano
131 1379 245 1424 oceano
262 1381 319 1423 non
335 1375 400 1424 ante
415 1361 543 1424 ommam
555 1365 685 1444 oouspioi
703 1383 755 1426 cas
765 1365 889 1442 tradunt,
905 1363 991 1425 condi
1006 1381 1054 1424 aa·

37 1457 109 1508 tem
125 1448 210 1508 statis
224 1448 403 1527 temporibus
421 1450 450 1508 in
465 1449 589 1528 quodam
604 1451 666 1508 sinn
684 1449 800 1529 placido
822 1458 852 1509 et
868 1449 969 1527 capaci
983 1448 1055 1508 mire

10 1549 31 1592 ‚e
42 1531 206 1610 gaudentis
222 1532 261 1592 ibi
278 1549 393 1610 parere.
410 1532 468 1593 lroo
484 1533 559 1592 scire
573 1549 671 1610 orcas,
688 1534 821 1594 iniectam
834 1533 879 1593 his
895 1533 1010 1592 beluam
1025 1537 1055 1592 et

45 1617 136 1676 cuius
151 1617 246 1693 imago
269 1616 346 1676 nulla
361 1618 630 1695 repraesentatione
650 1618 772 1698 exprimi
789 1617 883 1697 possit
897 1617 959 1677 alla·
971 1630 1055 1694 quam

46 1700 150 1760 carnis
174 1701 321 1760 suessae
348 1700 482 1761 dentibus
507 1702 698 1763 truculentae.
740 1703 901 1781 inrumpunt
924 1716 998 1778 ergo
1022 1701 1051 1759 in
1063 1707 1098 1763 1³

47 1792 171 1845 secreta
195 1802 231 1844 ac
250 1785 357 1844 vitulos
383 1803 481 1846 earum
502 1795 550 1846 aut
577 1786 653 1846 fetas
674 1786 723 1847 vel
745 1788 897 1847 etiamnum
920 1783 1055 1862 gravidas
1151 1793 1154 1810 '

47 1869 199 1930 laueinant
212 1883 319 1944 morsu,
331 1869 506 1948 incursuque
522 1887 577 1930 cen
588 1869 803 1931 Liburnicarum
817 1871 920 1930 rostds
934 1866 1054 1928 fodiam.

15 1951 125 2014 millae
140 1952 175 2011 ad
191 1951 297 2012 denum
307 1953 470 2029 inmobiles,
484 1954 520 2014 ad
530 1955 748 2033 repugnandum
759 1956 868 2014 inertes
881 1963 911 2014 et
924 1951 1055 2032 pondere

49 2051 107 2098 sno
123 2045 271 2111 oneratae,
287 2045 356 2097 tunc
369 2038 487 2118 quidem
503 2047 532 2097 et
546 2048 630 2098 utero
646 2055 754 2116 gruum
769 2038 937 2116 pariendive
951 2037 1056 2115 poenis

49 2120 208 2196 invalidae,
225 2120 318 2181 solum
345 2123 481 2184 auxillum
501 2135 612 2181 nouere
635 2124 664 2181 iu
686 2121 773 2182 altam
799 2122 958 2199 prodigere
978 2127 1056 2179 etse

49 2213 117 2266 toto
133 2204 292 2266 delendcre
306 2221 429 2266 oceano.
463 2214 563 2265 contra
579 2221 668 2264 oreae
687 2219 844 2264 occurrere
862 2203 994 2264 laborant
1010 2219 1063 2262 se·-

55 2306 150 2366 seque
166 2305 317 2368 opponere
335 2299 366 2349 et
380 2298 518 2352 caveatas
541 2290 681 2365 angustiis
695 2288 851 2364 trucidare,
874 2288 903 2346 iu
924 2285 1056 2346 vadaur·

12 2390 164 2452 aguero,
190 2374 268 2434 saxis
281 2372 421 2434 inlidere.
454 2379 622 2452 spectantur
645 2389 679 2432 ea
700 2371 814 2450 proelia
840 2388 894 2431 ceu
913 2369 983 2429 mari
1000 2368 1057 2448 ipsi

54 2457 112 2518 sibi
130 2457 217 2532 irato,
239 2455 325 2518 nullis
348 2458 377 2516 in
397 2458 459 2517 siun
481 2458 592 2534 ventis,
617 2455 752 2516 ductilius
772 2472 845 2516 vero
863 2454 903 2515 ad
914 2452 1056 2514 anhelitus

9 2581 10 2584 =
54 2543 189 2618 ictusque
212 2549 333 2620 quantos
356 2541 427 2602 nulli
449 2541 578 2602 turbines
599 2540 730 2602 volvont.
769 2557 840 2600 orca
866 2545 896 2598 et
918 2539 946 2596 iu
967 2543 1100 2615 portnll

57 2624 182 2686 Ostiensi
198 2628 261 2686 visa
277 2635 324 2686 est
337 2634 504 2705 oppugnata·
519 2643 535 2686 a
550 2622 674 2687 Claudio
691 2625 833 2705 principe.
863 2629 987 2704 venerat
999 2629 1058 2682 tum

57 2709 268 2772 exaedificante
283 2727 322 2770 eo
335 2718 450 2790 pontum
465 2710 581 2770 invitata
591 2709 910 2788 naufragils'tergorum
921 2705 1058 2767 advecto·
1120 2742 1122 2756 ·

18 2807 48 2854 to
59 2811 147 2856 runc
165 2793 268 2871 Gallia,
283 2796 450 2873 sudansque
463 2811 496 2854 se
513 2811 567 2872 per
579 2794 727 2873 conpluris
741 2793 805 2852 dies
817 2793 932 2854 alveum
942 2792 971 2850 ln
983 2789 1058 2851 vado

59 2879 220 2940 sulcaverat
235 2878 402 2940 attumulatur
418 2876 553 2938 ductibus
575 2879 603 2937 in
625 2887 732 2938 tantum
755 2886 786 2936 ut
803 2876 962 2952 circumagi
978 2873 1057 2932 nullo

59 2961 143 3022 modo
159 2971 261 3041 posset
278 2972 323 3038 et,
344 2963 410 3023 dom
428 2963 556 3040 saginam
571 2962 775 3040 persequitur,
797 2962 826 3021 in
844 2959 911 3022 litos
926 2955 1059 3018 ductibus

60 3046 195 3126 propulsa
218 3047 360 3107 emineret
379 3048 469 3108 dorso
488 3046 605 3107 multum
633 3060 721 3124 supra
742 3061 833 3123 aquas
854 3045 970 3104 carinae
991 3040 1058 3100 vice

60 3133 201 3190 inversae.
227 3131 380 3210 praetendi
395 3133 479 3191 iussit
492 3127 605 3190 'Caesar
618 3130 723 3209 plagas
737 3129 905 3209 multiplicis
918 3127 993 3184 inter
1003 3135 1056 3183 ora
1068 3132 1101 3186 15

27 3223 173 3295 aponus,
202 3214 411 3294 proiectusque
434 3217 499 3294 ipse
526 3233 590 3275 curn
610 3215 802 3295 praetorianis
824 3207 992 3272 cohortibus
1007 3218 1059 3285 po*-

62 3299 130 3378 pulo
154 3293 503 3378 Romanospectaculum
524 3299 659 3379 praebuit
675 3298 793 3361 lanceas
813 3299 991 3374 congerente
1009 3289 1059 3350 ml*-

61 3383 113 3443 lite
128 3384 277 3462 euamgiia
292 3383 512 3460 adsultantibus,
534 3400 654 3464 quorum
668 3397 752 3446 urrann
768 3381 862 3458 mergi
877 3377 999 3439 vidimus
1013 3387 1060 3437 re·
1134 3449 1138 3460 ‚

63 3467 130 3530 datu
143 3466 248 3529 beluae
263 3468 415 3554 oppletum
431 3469 516 3530 unm.
1124 3464 1138 3528 i
