2462 3900
150 170 227 214 nnn.
248 169 336 216 nnsn.
355 171 417 216 x11.
440 164 592 218 nt—xun.
611 166 635 216 1.
655 156 730 232 (nnn.
747 165 900 254 oo-xnn.
913 161 957 237 t.)
1015 133 1072 217 231

78 317 241 397 unguenta.¹
276 316 348 398 Cap.
376 321 402 378 1.
442 319 512 398 Quis
543 320 651 398 primns
682 320 824 380 invenerit
856 336 913 380 non
946 321 1105 386 traditum

77 405 177 465 Iliacis
192 402 371 482 temporibus
388 420 446 462 non
462 413 558 479 erant,
581 421 637 462 nec
655 413 719 462 ture
740 403 964 481 supplicabatur.
997 407 1078 465 cedri

36 529 39 537 ι
78 497 187 549 tantum
207 495 236 546 et
252 488 315 546 citri
329 503 445 560 suorum
459 487 593 548 fruticum
610 496 639 546 et
654 489 682 547 in
697 488 787 547 sacris
802 487 878 546 iumo
893 489 1076 549 convolutum

77 572 210 632 nidorem
230 572 329 630 verius
352 589 435 649 quam
456 572 576 632 odorem
596 580 737 631 noverant
761 573 816 630 iam
830 589 917 632 rosae
937 590 1009 632 suco
1032 591 1078 634 re·

48 666 175 735 aperto.
207 656 367 716 nominatur
382 658 456 715 enim
474 657 520 716 hic
541 673 657 735 quoque
680 657 708 714 in
732 655 791 714 olei
811 654 905 716 laude.
943 655 1106 734 Unguen3

77 751 138 799 tum
154 739 304 799 Persarum
321 741 417 816 gentis
435 758 502 799 csse
520 738 618 800 debet.
648 738 690 798 illi
707 739 820 822 madent
835 755 872 798 eo
893 749 923 800 et
938 741 1079 800 accersita

78 823 328 884 commendatione
358 823 463 883 inluvie
492 834 587 883 natum
616 824 693 882 virm
716 824 899 900 exstingunt.
946 825 1077 902 primum,

78 906 159 988 quod
175 908 308 986 equidem
322 908 480 984 inveniam,
493 910 595 970 castris
610 907 698 966 Darei
712 908 791 984 regis
804 909 975 986 expugnatis
990 909 1019 967 in
1032 926 1078 967 re·

79 993 161 1071 liquo
180 994 242 1051 eius
264 992 401 1071 adparatu
418 992 587 1060 Alexander
609 993 687 1070 cepit
707 993 841 1051 scrinium
860 1001 1078 1069 unguentorum.

41 1091 68 1132 so
79 1085 184 1155 postea
203 1074 415 1153 voluptuosius
438 1077 577 1136 anostris
595 1092 709 1154 quoque
727 1078 801 1135 inter
821 1076 978 1137 lautissima
992 1085 1078 1155 atque
1110 1086 1113 1092 ’

78 1161 167 1220 etiam
183 1159 385 1220 honestissima
401 1162 478 1220 vitae
500 1159 576 1220 bona
597 1160 720 1220 admissa
741 1168 802 1234 est,
823 1159 976 1238 honosque
993 1168 1023 1219 et
1045 1160 1080 1220 ad

78 1244 234 1305 defunctos
251 1245 397 1321 pertinere
414 1245 521 1322 coepit.
546 1253 725 1322 quapropter
737 1243 818 1322 plura
836 1243 872 1306 de
889 1261 926 1304 eo
940 1244 1079 1306 dicemus.

80 1327 164 1400 Quae
187 1346 224 1386 ex
244 1328 288 1388 his
306 1336 463 1387 nonerunt
481 1328 614 1387 fruticum
635 1328 671 1387 ad
686 1343 826 1405 praesens
841 1327 1003 1387 nominibus
1018 1337 1078 1387 tan·

78 1421 138 1472 turn
153 1411 368 1486 iudicabuntur,
385 1421 485 1472 natura
500 1428 572 1472 vero
587 1428 687 1471 eorum
702 1413 762 1471 suis
775 1411 915 1472 reddetur
929 1411 1014 1470 locis.

42 1507 68 1548 tt
148 1495 210 1575 (2.)
223 1495 382 1574 Unguentis
397 1497 568 1573 cognomina
584 1495 695 1555 dedere
707 1495 770 1556 aliis
782 1496 904 1574 patriae,
923 1494 986 1554 aliis
1004 1495 1106 1570 suci,4

78 1580 145 1640 aliis
160 1579 293 1655 arbores,
309 1581 371 1642 aliis
387 1598 509 1656 causae,
528 1581 706 1658 primumque
722 1580 751 1639 id
765 1581 842 1638 scire
855 1580 1002 1654 convenit,
1019 1597 1078 1638 mu·

77 1673 166 1723 tutam
186 1666 385 1724 auctoritatem
403 1673 432 1722 ct
450 1665 569 1741 saepius
582 1663 722 1723 tr'ansisse
746 1663 883 1741 gloriam.
902 1662 1076 1724 laudatissi-

30 1742 36 1754 ’
77 1765 154 1807 mum
173 1747 225 1808 luit
244 1749 397 1826 antiquitus
417 1747 535 1808 inDelo
553 1748 662 1822 insula,
682 1756 786 1826 postea
802 1739 991 1807 Mendesium.
1025 1764 1079 1806 neo
1181 1753 1187 1762 '

76 1832 201 1892 mixtura
219 1841 248 1890 ct
263 1833 465 1910 conpositione
486 1841 593 1892 tantum
614 1832 671 1892 boc
694 1832 815 1908 accidit,
837 1831 890 1892 sed
912 1831 998 1892 iidem
1015 1832 1078 1890 suci

39 1916 159 1978 soranis
176 1914 244 1975 alibi
259 1923 345 1995 atque
359 1916 426 1976 alibi
442 1911 634 1995 praevaluere
652 1926 700 1978 aut
716 1916 946 1994 degeneravere.
976 1914 1107 1978 irinumt

80 1996 211 2058 Corinthi
223 1998 269 2059 diu
281 2017 412 2060 maxume
424 2001 543 2078 placuit,
560 2010 663 2079 postea
678 1998 794 2076 Cynici,
811 2000 895 2062 simili
910 1999 996 2060 modo
1013 1999 1080 2060 rho-

8 2155 14 2162 ,
79 2081 175 2142 dinam
200 2082 330 2159 Phaseli,
360 2101 443 2162 quam
468 2084 589 2160 gloriam
613 2084 762 2143 abstulere
783 2082 941 2160 Neapolis,
969 2081 1079 2160 Capua,

77 2167 247 2228 Praeneste.
281 2168 428 2227 crocinum
445 2168 474 2226 in
487 2167 567 2228 Solis
582 2165 703 2227 Ciliciae
724 2166 770 2226 diu
786 2183 918 2226 maxume
935 2165 1080 2224 laudatum

78 2260 141 2326 est,
160 2268 232 2332 mox,
243 2249 357 2328 Rhodi,
381 2251 582 2310 oenanthinum
598 2252 627 2310 in
645 2247 759 2328 Cypro,
777 2246 882 2308 deinde
896 2250 926 2308 in
940 2247 1081 2325 Aegypto

41 2336 292 2413 aspraepositnm,
314 2343 381 2413 post
395 2333 600 2410 Adramytteo,
619 2333 809 2394 amaracinum
825 2333 854 2391 in
869 2329 950 2408 Coo,
976 2340 1080 2410 postea

78 2418 183 2479 eodem
200 2418 276 2480 ,loco
303 2419 463 2497 praelatum
488 2427 534 2478 est
559 2415 712 2491 melinum,
737 2417 885 2494 cyprinum
911 2418 939 2475 in
969 2413 1079 2493 Cypro,

76 2503 184 2563 deinde
199 2505 227 2562 in
242 2500 398 2580 Aegypto,
423 2501 472 2560 ubi
486 2501 665 2563 Mendesium
685 2509 714 2559 et
729 2502 885 2580 metopium
902 2499 996 2560 subito
1013 2515 1079 2576 gra·

76 2588 134 2645 tius
149 2585 256 2646 iactum
272 2595 327 2646 est.
356 2603 425 2646 mox
439 2584 513 2646 haec
530 2586 646 2647 abstulit
662 2585 826 2660 Phoenice,
842 2593 872 2644 et
887 2584 999 2663 cyprini
1016 2582 1076 2642 lau·
1091 2589 1109 2645 6

77 2671 145 2730 dem
162 2669 299 2749 Aegypto
321 2671 447 2748 reliquit.
480 2669 712 2730 Panathenaicon
728 2687 810 2728 suurn
825 2668 958 2730 Athenae
978 2684 1079 2747 perse·

40 2763 216 2816 severanter
228 2755 391 2832 optinuere.
415 2754 509 2814 iuerat
520 2763 550 2814 et
565 2753 724 2833 pardalium
739 2754 767 2812 in
782 2751 886 2828 Tarso,
903 2753 983 2814 cuius
997 2753 1081 2810 etiarn

79 2839 243 2916 conpositio
261 2847 290 2897 et
304 2839 426 2898 mixtura
442 2837 608 2898 oblitterata
620 2846 675 2896 est.
706 2837 894 2897 narcissinum
910 2850 1026 2914 quoque
1041 2849 1081 2890 ex

77 2921 153 2982 llere
176 2923 307 2982 narcisso
324 2921 410 2982 desiit
426 2923 560 2999 conponi.
591 2919 676 2982 Ratio
698 2919 824 2981 faciendi
846 2920 969 2998 duplex,
993 2920 1108 2976 sucus?

77 3014 247 3084 et-corpns.
292 3006 345 3088 ille
368 3004 428 3065 olei
450 3003 607 3082 generibus
629 3003 699 3064 iere
716 3012 845 3080 constat,
869 3003 926 3063 hoc
947 3001 1077 3061 odomm.

28 3160 33 3171 ,
76 3089 153 3151 haec
167 3099 317 3164 stymmata
333 3098 455 3165 vocant,
471 3089 521 3149 illa
535 3087 712 3162 hedysmata.
740 3089 841 3150 tertios
856 3089 931 3147 inter
945 3085 1019 3146 haec
1035 3089 1080 3142 ent

40 3173 164 3235 ascolus
184 3172 279 3234 multis
301 3173 464 3251 neglectus.
489 3172 572 3232 huius
596 3189 684 3242 causa
706 3171 846 3235 adduntur
870 3167 1033 3230 cinnabaris
1049 3173 1079 3226 et

76 3256 214 3319 anchusa.
235 3257 279 3320 sal
295 3257 453 3336 adspersus
464 3257 524 3318 olei
538 3263 666 3316 naturam
679 3265 808 3317 coercet.
830 3252 940 3332 quibus
952 3249 1079 3312 anchusa

76 3342 193 3403 adiecta
209 3351 254 3402 est
275 3341 318 3404 sal
335 3357 393 3402 non
408 3341 527 3404 additur.
557 3340 652 3400 resina
667 3349 716 3400 aut
731 3338 848 3400 cummis
863 3335 1021 3396 adiciuntur
1042 3331 1079 3394 ad
1154 3404 1157 3412 ,

77 3425 280 3488 continendum
293 3427 413 3488 odorem
426 3427 454 3486 in
470 3440 606 3503 corpore.
629 3423 782 3487 celerrime
793 3423 818 3480 is
830 3420 980 3482 evanescit
992 3426 1079 3500 atque
1150 3422 1156 3434 ·“

1219 2848 1224 2962 1

1212 3213 1220 3384 r

1147 3468 1151 3489 ’
1210 3475 1217 3707 l
