2482 3910
152 202 211 264 152
287 257 295 264 .
500 211 530 260 c.
546 211 643 258 aurun
659 179 810 258 saeuum
885 223 891 232 -
979 217 985 226 ·

150 372 263 451 pariant
285 370 417 448 singulos
442 365 637 444 magnitudine
659 364 741 424 rituli
762 365 925 424 trimestris.
965 366 1069 428 cameli
1085 365 1160 426 duo-

151 457 245 516 decim
259 455 405 517 mensibus
417 455 523 526 lerunt,
540 468 556 510 e
572 453 685 509 trimatu
700 450 812 527 pariunt
827 468 897 510 vere
913 451 1074 531 iterumque
1090 461 1159 528 post

110 550 268 604 180annum
285 541 431 620 inplentur
445 556 460 597 a
477 544 569 616 partu.
603 551 694 613 equas
714 543 808 593 autem
830 544 897 612 post
913 537 1029 594 tertium
1044 537 1157 594 demum

152 634 199 685 aut
217 635 284 704 post
303 641 386 685 nnunr
401 622 436 682 ab
454 622 540 680 enixu
555 620 664 679 utiliter
679 619 787 678 admitti
802 628 911 699 putant,
934 629 1101 698 coguntque
1116 621 1155 679 in-

150 711 234 770 uitas.
266 711 319 770 aed
334 708 402 767 muli
417 715 509 766 mater
530 713 663 782 septumo
688 704 734 764 die
757 706 916 784 concipere
937 704 1075 764 lacillime
1094 723 1179 766 cre-s

153 794 236 854 ditur.
271 810 408 871 equarum
424 790 506 850 iubas
522 789 645 848 tondere
660 789 860 867 praecipiunt,
877 799 908 848 ut
929 791 1076 848 asinorum
1098 791 1157 848 coi·

49 867 54 876 Χ
152 888 210 939 turn
235 879 377 955 patiantur
397 874 565 934 bumilitate.
613 875 752 932 comantis
776 875 851 933 enim
872 874 966 950 gloria
992 873 1156 952 superbire.

152 964 262 1024 accitu
279 961 362 1020 solae
386 959 547 1018 animalium
571 968 687 1017 currunt
708 959 900 1018 exadversum
916 959 1086 1036 aquilonem
1110 978 1157 1018 au-

152 1056 290 1120 strumve,
306 1053 392 1122 prout
409 1061 517 1102 marem
540 1052 588 1103 aut
603 1043 737 1102 feminam
760 1061 937 1121 concepere.
969 1043 1104 1102 colorem
1126 1042 1156 1101 il·

152 1131 211 1190 lioo
224 1137 332 1190 mutant
343 1128 477 1188 rubriore
491 1127 551 1206 pilo
565 1128 613 1186 vel
630 1129 802 1206 quicumque
820 1129 856 1186 sit
872 1129 1016 1206 pleniore.
1044 1128 1102 1186 hoc
1115 1145 1157 1186 ar·
1167 1151 1189 1192 ιι

152 1223 290 1291 gumento
305 1214 438 1274 desinunt
454 1213 617 1287 admittere,
634 1213 719 1272 etiam
735 1213 870 1272 nolentis.
900 1231 956 1271 nec
970 1212 1082 1290 inpedit
1093 1229 1157 1288 par·

152 1307 198 1358 tua
213 1299 350 1378 quasdam
367 1297 403 1358 ab
420 1314 514 1375 opere
530 1297 690 1374 falluntque
712 1297 861 1373 gravidae.
894 1298 1002 1356 vicisse
1025 1295 1158 1374 Olympia

112 1393 379 1462 ,lsslpraegnantem
409 1381 611 1443 Echecratidis
637 1380 771 1441 Thessali
796 1385 965 1440 invenimus.
1000 1380 1103 1459 Equos
1131 1389 1159 1439 et

153 1487 240 1528 carnes
257 1479 286 1529 et
301 1487 369 1528 sues
382 1469 480 1527 initum
502 1468 666 1528 matutinum
683 1466 834 1544 adpetere,
845 1467 966 1526 feminas
985 1474 1080 1526 autern
1092 1474 1159 1544 post

153 1554 301 1612 meridiem
324 1553 446 1611 blandiri
477 1552 677 1628 diligentiores
701 1551 824 1610 tradunt.
858 1569 947 1631 equas
970 1551 1093 1610 domitas
1112 1561 1188 1612 Lxrs

133 1711 135 1716 ,
154 1635 256 1694 diebus
280 1639 381 1714 equire
405 1645 471 1695 ante
495 1653 579 1712 quarn
604 1635 757 1712 gregales,
781 1653 850 1695 sues
866 1645 972 1695 tantum
989 1638 1077 1694 coitu·
1093 1651 1159 1712 spu-

153 1737 226 1778 mam
243 1737 294 1779 ore
310 1719 443 1793 fundere,
459 1737 573 1778 verrem
590 1719 717 1778 subantis
731 1721 826 1780 audita
843 1733 930 1794 voce,
943 1722 971 1779 ni
987 1721 1178 1804 admittatur,x

155 1803 250 1863 cibum
266 1822 322 1862 non
339 1800 447 1881 capere
463 1821 556 1881 usque
572 1804 600 1861 in
616 1805 748 1878 maciem,
766 1805 888 1864 laminas
903 1807 1038 1864 antemio
1052 1813 1160 1864 tantum

155 1887 270 1947 ellerari
285 1897 316 1946 ut
331 1888 474 1946 hominem
490 1887 652 1962 lancinant,
675 1888 796 1948 candida
818 1907 949 1949 maxume
970 1898 1054 1948 veste
1081 1889 1159 1948 indu·

112 1979 235 2033 lautum.
265 1972 363 2031 rabies
386 1989 420 2031 ea
445 1980 530 2030 aceto
548 1973 691 2048 mitigatur
705 1981 824 2032 naturae
849 1974 1000 2052 adsperso.
1030 1973 1191 2032 Aviditasro

153 2058 245 2116 coitus
267 2065 384 2135 putatur
404 2065 433 2115 et
452 2056 523 2116 cibis
547 2057 627 2132 sueri,
647 2057 721 2116 sicut
735 2059 798 2117 viro
816 2075 914 2133 eruca,
939 2060 1041 2136 pecori
1057 2075 1159 2136 caepa.
1189 2103 1193 2106 .
1236 2065 1237 2072 ’

153 2159 228 2220 quae
245 2161 288 2201 ex
308 2141 379 2201 ieris
402 2143 567 2218 mitigentur
589 2157 646 2200 non
667 2143 840 2220 concipere,
863 2152 893 2202 nt
909 2147 1046 2218 anseres,
1072 2159 1160 2221 apros

151 2244 222 2286 vero
237 2228 320 2287 tarde
337 2235 365 2286 et
383 2243 489 2286 cervos
506 2243 561 2285 nec
575 2226 631 2284 nisi
646 2225 682 2285 ab
698 2227 815 2286 infantia
833 2228 974 2287 educatos
987 2229 1089 2285 mirum
1106 2235 1159 2284 est.

152 2311 366 2391 Quadripedum
384 2320 579 2390 praegnantes
598 2329 736 2370 venerem
756 2322 857 2371 arcent
876 2321 995 2390 praeter
1012 2329 1116 2389 equam
1133 2319 1161 2369 et

152 2415 241 2455 suem.
275 2398 328 2457 sed
346 2396 529 2474 superfetant
545 2395 671 2474 dasypus
689 2405 718 2454 et
733 2397 817 2474 lepus
833 2399 961 2456 tantum.'
1169 2419 1192 2458 as

111 2489 161 2541 183
232 2481 281 2540 64.
302 2478 385 2558 (84.)
408 2478 614 2557 Quaecumque
638 2480 740 2540 animal
759 2483 873 2559 pariunt
890 2483 918 2540 in
932 2482 1026 2559 capita
1042 2481 1163 2556 gignunt

153 2563 328 2622 circumacto
341 2563 394 2621 sub
408 2565 521 2622 enixum
533 2562 593 2622 fetu
605 2565 676 2624 alias
690 2567 718 2624 in
731 2576 815 2625 utero
832 2575 981 2644 porrecto.
1007 2565 1169 2644 quadripe-¹

153 2645 205 2704 des
218 2655 367 2722 gestantur
378 2649 507 2706 extensis
521 2648 555 2706 ad
568 2643 775 2726 longitudinem
788 2650 921 2711 cruribus
931 2660 960 2711 et
973 2650 1069 2711 alvom
1082 2667 1161 2709 suarn

138 2729 316 2808 adplicatis,
332 2729 419 2789 homo
436 2733 463 2789 in
476 2742 569 2791 semet
589 2734 781 2810 conglobatus
796 2737 870 2795 inter
892 2737 948 2795 duo
971 2753 1065 2812 genua
1087 2736 1162 2794 nari·

110 2813 221 2880 184bus
238 2815 309 2872 sitis.
339 2813 450 2891 Molas,
472 2817 509 2877 de
528 2816 631 2894 quibus
655 2829 721 2878 ante
738 2819 877 2895 diximus,
900 2822 980 2898 gigni
998 2829 1100 2898 putant
1114 2819 1194 2885 oblat

110 2898 271 2962 ⁷·⁶³mulier
283 2915 341 2956 non
358 2917 395 2958 ex
410 2918 488 2961 mare
504 2919 605 2960 verum
622 2921 658 2962 ex
674 2908 832 2984 semetipsa
850 2915 958 2965 tantum
980 2905 1163 2982 conceperit¹

152 2986 219 3044 ideo
231 3001 287 3042 nec
299 2984 427 3059 animari,
447 2987 512 3064 quia
523 2989 624 3047 nonsit
643 3007 681 3046 ex
700 2989 829 3067 duobus,
843 2990 1033 3067 altricemque
1052 2988 1164 3048 habere

153 3087 206 3147 per
222 3087 254 3127 se
266 3069 352 3128 vitam
367 3068 447 3128 illam
459 3088 534 3148 quae
545 3072 615 3132 satis
633 3073 845 3151 arboribusque
863 3077 1019 3151 contingat.
1049 3073 1101 3133 65.
1117 3071 1165 3131 En

153 3153 284 3214 omnibus
294 3171 369 3232 quae
383 3153 534 3232 perfectos
547 3156 624 3216 letus
641 3175 708 3216 sues
724 3167 830 3218 tantum
845 3169 874 3218 et
886 3174 1060 3219 numerosos
1074 3157 1165 3218 edunt

155 3238 234 3315 [item
247 3238 351 3318 pluris]
370 3247 470 3298 contra
482 3249 609 3300 naturam
623 3241 816 3320 solidipedum
831 3253 879 3303 aut
894 3244 1082 3304 bisulcorum.
1172 3256 1202 3296 ³⁵·

113 3329 162 3382 185
233 3321 317 3402 (85.)
341 3323 438 3402 Super
454 3333 556 3384 cuncta
573 3335 617 3385 est
632 3327 752 3386 murium
768 3328 855 3404 letus,
877 3329 946 3389 hant
963 3329 1025 3388 sine
1045 3335 1164 3387 cuncta·

155 3405 232 3462 tione
247 3406 395 3484 dicendus,
415 3425 586 3488 quamquam
603 3411 655 3470 sub
670 3421 790 3472 auctore
805 3413 966 3474 Aristotele
988 3421 1017 3473 et
1031 3412 1163 3472 Alexan·
1236 3433 1237 3458 ι

155 3486 197 3545 dri
213 3485 307 3562 lllagni
323 3492 469 3554 militibus.
491 3491 648 3554 Generatio
660 3514 760 3556 eornm
772 3497 927 3559 lambendo
946 3507 1094 3573 constare,
1104 3511 1164 3554 non
