2444 3908
160 191 201 253 96
503 201 532 250 c.
556 201 651 249 unm
673 197 823 248 securem

160 357 315 434 sexagenis
331 356 432 417 diebus
448 357 548 432 latent,
563 363 595 416 ut
609 355 745 433 glaucus,
769 353 869 429 aselli,
887 359 1014 413 auratae.
1044 349 1160 414 Flavia·

161 441 249 502 tilium
265 441 368 500 silurus
386 441 533 501 caniculae
547 449 654 499 exortu
665 439 817 513 sideratur,
836 447 864 497 et
879 437 950 496 alias
972 453 1092 514 semper
1107 436 1160 496 iul·

161 542 233 602 gure
261 528 382 604 sopitur.
415 525 472 584 hoc
493 533 522 583 et
541 527 570 583 in
589 525 659 583 mari
689 523 824 583 accidere
849 523 970 600 cyprino
995 529 1106 598 putant.
1134 527 1162 582 et

161 609 268 688 alioqui
283 619 372 669 totum
387 627 466 669 mare
484 610 571 668 sentit
586 615 717 668 exortum
731 609 793 666 eius
808 607 925 680 sideris,
936 605 1014 684 quod
1029 619 1160 664 innume

161 694 190 752 in
203 692 336 772 bosporo
353 693 482 772 adparet.
501 693 567 770 alga
583 695 656 750 enim
669 701 697 751 et
709 693 809 770 pisces
820 690 1051 768 superieruntur,
1069 690 1184 748 emmau

162 775 198 837 ab
217 779 273 837 imo
290 795 385 836 versa.

120 870 154 926 59
227 863 274 921 17.
292 861 376 940 (26.)
399 859 536 938 llugilum
552 870 651 921 natura
665 857 774 918 ridetur
790 862 818 919 iu
834 867 912 919 metu
928 859 1025 936 capite
1037 848 1162 917 abscon

164 945 222 1006 dito
238 953 317 1003 totos
333 951 366 1004 se
382 945 521 1005 occultari
537 945 724 1005 credentium.
755 944 856 1004 iisdem
877 953 936 1002 tam
952 944 1066 1001 incauta
1090 940 1161 1000 salu·

164 1031 236 1089 citas
253 1037 282 1086 ut
297 1031 325 1087 in
340 1027 486 1088 Phoenice
503 1037 532 1088 et
550 1027 731 1088 Narbonensi
755 1029 905 1106 provincia
921 1027 1015 1086 coitus
1031 1035 1180 1102 tempore·

164 1129 180 1171 e
196 1112 312 1171 vivariis
327 1129 434 1172 marem
450 1113 516 1172 linia
532 1113 687 1190 longinqua
702 1129 756 1190 per
771 1129 804 1171 os
818 1111 853 1172 ad
870 1110 1022 1170 branchias
1039 1109 1194 1185 religatum

165 1198 299 1256 emissum
314 1199 342 1256 in
359 1191 437 1256 mare
460 1197 620 1276 eademque
638 1197 704 1256 linia
724 1205 879 1257 retractum
899 1195 1023 1256 feminae
1035 1211 1162 1272 sequan-

163 1289 208 1339 tur
224 1281 259 1339 ad
275 1279 341 1340 litos
357 1299 514 1360 rursusque
530 1281 663 1342 iemiuam
678 1297 772 1340 mares
785 1289 883 1360 partus
903 1287 1047 1356 tempore.

120 1373 156 1427 60
226 1363 309 1446 (27.)
328 1363 413 1444 Apud
429 1368 560 1446 antiquos
577 1365 698 1444 piscium
713 1364 909 1424 nobilissimus
921 1361 1035 1423 babitus
1047 1363 1163 1442 acipen-

163 1463 222 1523 ser,
239 1467 309 1507 unus
326 1449 448 1508 omnium
462 1449 588 1528 squamis
600 1448 636 1508 ad
647 1465 681 1507 οι
696 1451 800 1524 versit,
815 1457 917 1508 contra
931 1464 1016 1526 quam
1029 1448 1057 1506 in
1071 1445 1163 1506 nando

163 1541 273 1607 meant,
298 1533 376 1594 nullo
401 1551 474 1592 nunc
490 1536 518 1591 in
534 1533 644 1593 bonore
662 1541 717 1607 est,
743 1532 821 1612 quod
842 1529 958 1611 quidem
970 1533 1077 1608 miror,
1101 1547 1193 1591 cumas

44 1615 48 1626 '
164 1616 200 1672 sit
216 1633 298 1674 rarus
313 1617 437 1675 inventu.
470 1619 583 1698 quidam
600 1634 664 1676 eum
679 1617 795 1696 elopem
811 1623 927 1676 uocant.

7 1765 9 1770 ,
121 1707 154 1760 61
225 1697 307 1778 (28.)
325 1699 430 1758 Postea
447 1702 841 1780 praecipuamauctoritatem
856 1699 947 1759 fuisse
964 1699 1033 1778 lupo
1048 1705 1078 1757 et
1090 1697 1163 1758 asel·

165 1779 200 1839 lis
223 1777 376 1840 Cornelius
401 1781 501 1862 Nepos
524 1793 555 1844 et
575 1783 712 1843 Laberius
735 1794 822 1863 poeta
837 1786 985 1845 mimorum
1006 1782 1162 1842 tradidere.

164 1865 295 1944 luporum
318 1864 504 1926 laudatissimi
521 1869 569 1948 qui
592 1867 773 1947 appellantur
789 1868 876 1929 lanati
898 1866 1056 1927 acandore
1072 1865 1164 1925 molli·

164 1947 261 2027 tiaque
278 1951 381 2008 carnis.
412 1951 568 2015 asellorum
586 1951 641 2011 duc
657 1969 778 2028 genera,
793 1951 897 2027 collyri
912 1953 1038 2011 minores
1051 1957 1082 2010 et
1097 1949 1194 2022 bac-20

166 2031 222 2107 cbi,
246 2033 293 2111 qui
314 2037 441 2094 nonnisi
465 2036 493 2094 in
510 2036 568 2095 alto
585 2037 754 2115 capiuntur,
778 2035 845 2096 ideo
867 2035 990 2115 praelati
1007 2033 1163 2114 prioribus.

165 2125 193 2176 at
209 2119 236 2176 in
253 2117 327 2196 lupis
344 2119 469 2179 inamne
486 2121 562 2199 capti
580 2119 790 2200 praeferuntur.

121 2209 156 2265 62
205 2200 289 2284 (29.)
311 2201 393 2263 Nunc
409 2206 586 2284 principatus
608 2221 692 2264 scaro
708 2203 801 2282 datur,
825 2203 873 2282 qui
887 2203 967 2266 solus
984 2202 1107 2280 piscium
1126 2201 1165 2262 di·
1199 2208 1205 2214 '

165 2287 237 2346 citur
251 2290 395 2348 ruminare
410 2289 568 2367 herbisque
584 2290 683 2364 vesci,
702 2305 759 2348 uon
775 2287 839 2348 aliis
854 2287 993 2368 piscibus,
1007 2283 1165 2366 Carpathio

163 2388 293 2430 maxume
311 2373 380 2431 mari
395 2373 542 2452 frequens.
574 2374 799 2450 promontorium
816 2371 937 2432 Troadis
953 2369 1072 2430 beatum
1088 2388 1195 2440 num-2⁵

164 2469 247 2592 quam
262 2465 365 2532 sponte
382 2457 491 2516 transit.
520 2455 587 2516 inde
603 2455 742 2536 advectqs
758 2455 876 2516 'liberio
894 2453 1014 2516 Claudio
1031 2455 1166 2533 principe

192 2544 285 2612 ptatus
298 2535 454 2616 Elipertius
470 2539 638 2616 praefectus
653 2539 756 2599 classis
772 2541 847 2600 inter
855 2538 1020 2600 Ostiensem
1034 2547 1064 2600 et
1083 2537 1182 2598 Gam'

122 2620 267 2696 capasiae
284 2637 363 2680 oram
381 2639 500 2699 sparsos
516 2623 721 2684 disseminavit.
746 2625 939 2702 quinquennio
955 2622 1020 2698 iere
1037 2639 1107 2683 cura
1123 2628 1168 2682 est

164 2699 290 2762 adbibita
305 2713 336 2762 ut
355 2707 431 2785 capti
451 2707 641 2767 redderentur
655 2709 734 2768 mari.
768 2717 871 2787 postea
892 2707 1063 2786 frequentes
1087 2709 1167 2766 iure·
1202 2731 1205 2742 Α

164 2785 279 2844 ciuntur
300 2785 399 2848 ltaliae
415 2790 518 2867 litore,
540 2806 596 2849 nou
618 2800 700 2852 autea
721 2790 761 2852 ibi
785 2793 871 2871 capti.
903 2791 1089 2868 admovitque
1112 2789 1197 2864 siti,

164 2869 232 2950 gula
249 2886 370 2949 sapores
386 2874 516 2952 piscibus
533 2873 601 2934 satis
619 2885 647 2934 et
664 2893 768 2936 norom
790 2875 914 2936 incolam
930 2875 1001 2934 mari
1018 2874 1111 2952 dedit,
1132 2891 1169 2934 ue

164 2955 227 3034 quis
251 2957 422 3034 peregrinas
444 2961 504 3018 avis
529 2957 637 3018 Romae
659 2977 764 3039 parere
789 2959 915 3018 miretur.
952 2957 1099 3019 Pronum
1125 2961 1169 3020 ‘est

162 3056 262 3098 mensa
285 3041 376 3100 iecori
395 3042 539 3104 dumtaxat
554 3043 754 3119 mustelarum,
771 3061 858 3121 quas,
881 3043 980 3102 mirum
1005 3043 1103 3118 dictu,
1126 3045 1167 3103 iu·

164 3130 208 3181 ter
226 3122 311 3203 Alpis
326 3143 443 3205 quoque
466 3127 546 3187 lacus
561 3125 681 3188 Raetiae
699 3127 881 3206 Brigantinus
902 3127 1030 3188 aemulas
1048 3128 1169 3188 marinis
1215 3153 1217 3160 ¹

163 3217 294 3283 generat.
528 3230 532 3241 ·
1176 3223 1216 3266 ta?

122 3295 157 3352 tt
226 3291 310 3372 (30.)
327 3291 372 3353 bx
392 3293 503 3374 reliqua
518 3295 666 3356 nobilitate
681 3305 709 3355 et
724 3295 815 3374 gratia
828 3313 957 3357 maxuma
973 3305 1061 3355 estet
1081 3297 1169 3376 copia
1215 3303 1216 3310 ’

165 3373 270 3450 mullis,
286 3379 362 3452 sicut
374 3379 537 3456 magnitudo
548 3379 672 3456 modica,
688 3377 827 3460 binasque
843 3379 933 3440 libras
946 3379 1088 3460 ponderis
1099 3395 1168 3441 raro
1213 3349 1216 3500 ἰ

166 3455 314 3520 admodum
339 3472 530 3544 exsuperant,
553 3481 608 3524 nec
626 3467 656 3524 in
678 3465 794 3524 vivmiis
817 3463 995 3543 piscinisque
1016 3472 1166 3527 mescuut.
1213 3501 1215 3554 ἐ
