<?xml version="1.0" encoding="UTF-8"?>
<!DOCTYPE html PUBLIC "-//W3C//DTD XHTML 1.0 Transitional//EN"
    "http://www.w3.org/TR/xhtml1/DTD/xhtml1-transitional.dtd">
<html xmlns="http://www.w3.org/1999/xhtml" xml:lang="en" lang="en">
 <head>
  <title>
</title>
<meta http-equiv="Content-Type" content="text/html;charset=utf-8" />
  <meta name='ocr-system' content='tesseract 3.04.00' />
  <meta name='ocr-capabilities' content='ocr_page ocr_carea ocr_par ocr_line ocrx_word'/>
</head>
<body>
  <div class='ocr_page' id='page_1' title='image "./cplinisecundina12plingoog_0223.png"; bbox 0 0 2482 3910; ppageno 0'>
   <div class='ocr_carea' id='block_1_1' title="bbox 169 176 824 240">
    <p class='ocr_par' dir='ltr' id='par_1_1' title="bbox 169 176 824 240">
     <span class='ocr_line' id='line_1_1' title="bbox 169 176 824 240; baseline -0.006 -2"><span class='ocrx_word' id='word_1_1' title='bbox 169 176 228 240; x_wconf 78' lang='lat'>184</span> <span class='ocrx_word' id='word_1_2' title='bbox 399 203 405 212; x_wconf 85' lang='lat'>·</span> <span class='ocrx_word' id='word_1_3' title='bbox 516 187 546 236; x_wconf 89' lang='lat' dir='ltr'>o.</span> <span class='ocrx_word' id='word_1_4' title='bbox 562 188 658 237; x_wconf 81' lang='lat' dir='ltr'>nunu</span> <span class='ocrx_word' id='word_1_5' title='bbox 673 185 824 238; x_wconf 76' lang='lat' dir='ltr'>suonam</span> 
     </span>
    </p>
   </div>
   <div class='ocr_carea' id='block_1_2' title="bbox 60 339 1225 2359">
    <p class='ocr_par' dir='ltr' id='par_1_2' title="bbox 60 339 1225 2359">
     <span class='ocr_line' id='line_1_2' title="bbox 125 339 1208 422; baseline 0.007 -22"><span class='ocrx_word' id='word_1_6' title='bbox 125 363 245 409; x_wconf 63' lang='lat' dir='ltr'>quernas</span> <span class='ocrx_word' id='word_1_7' title='bbox 258 351 404 406; x_wconf 82' lang='lat' dir='ltr'>remstate</span> <span class='ocrx_word' id='word_1_8' title='bbox 419 351 530 422; x_wconf 89' lang='lat' dir='ltr'>putres.</span> <span class='ocrx_word' id='word_1_9' title='bbox 560 339 626 402; x_wconf 88' lang='lat' dir='ltr'>Non</span> <span class='ocrx_word' id='word_1_10' title='bbox 640 343 779 404; x_wconf 77' lang='lat' dir='ltr'>conivere</span> <span class='ocrx_word' id='word_1_11' title='bbox 795 342 918 404; x_wconf 76' lang='lat' dir='ltr'>diximus</span> <span class='ocrx_word' id='word_1_12' title='bbox 934 361 1008 422; x_wconf 79' lang='lat' dir='ltr'>qaue</span> <span class='ocrx_word' id='word_1_13' title='bbox 1023 361 1082 404; x_wconf 82' lang='lat' dir='ltr'>non</span> <span class='ocrx_word' id='word_1_14' title='bbox 1099 345 1176 414; x_wconf 85' lang='lat' dir='ltr'>obii·</span> <span class='ocrx_word' id='word_1_15' title='bbox 1207 347 1208 350; x_wconf 73' lang='grc'>’</span> 
     </span>
     <span class='ocr_line' id='line_1_3' title="bbox 126 425 1175 509; baseline 0.002 -17"><span class='ocrx_word' id='word_1_16' title='bbox 126 440 177 494; x_wconf 81' lang='lat'>152</span> <span class='ocrx_word' id='word_1_17' title='bbox 185 431 249 509; x_wconf 90' lang='lat' dir='ltr'>quis</span> <span class='ocrx_word' id='word_1_18' title='bbox 268 429 360 490; x_wconf 84' lang='lat' dir='ltr'>oeulis</span> <span class='ocrx_word' id='word_1_19' title='bbox 379 427 432 489; x_wconf 87' lang='lat' dir='ltr'>sed</span> <span class='ocrx_word' id='word_1_20' title='bbox 447 429 622 488; x_wconf 87' lang='lat' dir='ltr'>oiroumaeto</span> <span class='ocrx_word' id='word_1_21' title='bbox 638 427 733 504; x_wconf 83' lang='lat' dir='ltr'>eapite</span> <span class='ocrx_word' id='word_1_22' title='bbox 752 436 916 490; x_wconf 75' lang='lat' dir='ltr'>cernerent.</span> <span class='ocrx_word' id='word_1_23' title='bbox 947 425 1175 494; x_wconf 78' lang='lat' dir='ltr'>curnaeteortr</span> 
     </span>
     <span class='ocr_line' id='line_1_4' title="bbox 167 509 1176 593; baseline 0 -17"><span class='ocrx_word' id='word_1_24' title='bbox 167 515 270 576; x_wconf 91' lang='lat' dir='ltr'>ooulos</span> <span class='ocrx_word' id='word_1_25' title='bbox 286 511 368 593; x_wconf 77' lang='lat' dir='ltr'>ipsos</span> <span class='ocrx_word' id='word_1_26' title='bbox 386 511 542 588; x_wconf 71' lang='lat' dir='ltr'><strong>circumagi</strong></span> <span class='ocrx_word' id='word_1_27' title='bbox 558 518 636 570; x_wconf 88' lang='lat' dir='ltr'>totos</span> <span class='ocrx_word' id='word_1_28' title='bbox 647 509 769 572; x_wconf 79' lang='lat' dir='ltr'>aradum.</span> <span class='ocrx_word' id='word_1_29' title='bbox 799 512 896 572; x_wconf 84' lang='lat' dir='ltr'>caneri</span> <span class='ocrx_word' id='word_1_30' title='bbox 911 513 940 572; x_wconf 92' lang='lat' dir='ltr'>in</span> <span class='ocrx_word' id='word_1_31' title='bbox 956 512 1107 591; x_wconf 76' lang='lat' dir='ltr'>obliquam</span> <span class='ocrx_word' id='word_1_32' title='bbox 1123 516 1176 576; x_wconf 82' lang='lat' dir='ltr'>rd-</span> 
     </span>
     <span class='ocr_line' id='line_1_5' title="bbox 167 592 1175 678; baseline 0.004 -22"><span class='ocrx_word' id='word_1_33' title='bbox 167 599 291 678; x_wconf 88' lang='lat' dir='ltr'>spioinnt</span> <span class='ocrx_word' id='word_1_34' title='bbox 307 607 404 658; x_wconf 86' lang='lat' dir='ltr'>erusta</span> <span class='ocrx_word' id='word_1_35' title='bbox 418 595 515 672; x_wconf 73' lang='lat' dir='ltr'>fragili</span> <span class='ocrx_word' id='word_1_36' title='bbox 532 592 662 654; x_wconf 84' lang='lat' dir='ltr'>inclusos</span> <span class='ocrx_word' id='word_1_37' title='bbox 677 603 825 671; x_wconf 75' lang='lat' dir='ltr'>gerentes.</span> <span class='ocrx_word' id='word_1_38' title='bbox 861 595 982 658; x_wconf 86' lang='lat' dir='ltr'>loonstis</span> <span class='ocrx_word' id='word_1_39' title='bbox 997 598 1175 678; x_wconf 81' lang='lat' dir='ltr'>squillisque</span> 
     </span>
     <span class='ocr_line' id='line_1_6' title="bbox 166 678 1194 760; baseline 0.004 -18"><span class='ocrx_word' id='word_1_40' title='bbox 166 699 269 760; x_wconf 75' lang='lat' dir='ltr'>magna</span> <span class='ocrx_word' id='word_1_41' title='bbox 295 701 333 743; x_wconf 82' lang='lat' dir='ltr'>ex</span> <span class='ocrx_word' id='word_1_42' title='bbox 351 689 441 760; x_wconf 86' lang='lat' dir='ltr'>parte</span> <span class='ocrx_word' id='word_1_43' title='bbox 467 678 520 740; x_wconf 89' lang='lat' dir='ltr'>sub</span> <span class='ocrx_word' id='word_1_44' title='bbox 545 678 648 740; x_wconf 85' lang='lat' dir='ltr'>eodem</span> <span class='ocrx_word' id='word_1_45' title='bbox 673 681 847 742; x_wconf 86' lang='lat' dir='ltr'>munimento</span> <span class='ocrx_word' id='word_1_46' title='bbox 872 679 1007 759; x_wconf 87' lang='lat' dir='ltr'>praeduri</span> <span class='ocrx_word' id='word_1_47' title='bbox 1032 684 1194 746; x_wconf 68' lang='lat' dir='ltr'>emineres</span> 
     </span>
     <span class='ocr_line' id='line_1_7' title="bbox 167 765 1182 842; baseline 0.002 -16"><span class='ocrx_word' id='word_1_48' title='bbox 167 765 296 840; x_wconf 79' lang='lat' dir='ltr'>Quorum</span> <span class='ocrx_word' id='word_1_49' title='bbox 316 766 379 827; x_wconf 92' lang='lat' dir='ltr'>duri</span> <span class='ocrx_word' id='word_1_50' title='bbox 401 773 467 824; x_wconf 88' lang='lat' dir='ltr'>sunt</span> <span class='ocrx_word' id='word_1_51' title='bbox 481 765 574 824; x_wconf 84' lang='lat' dir='ltr'>minus</span> <span class='ocrx_word' id='word_1_52' title='bbox 595 772 714 824; x_wconf 84' lang='lat' dir='ltr'>cernunt</span> <span class='ocrx_word' id='word_1_53' title='bbox 738 781 821 842; x_wconf 88' lang='lat' dir='ltr'>quam</span> <span class='ocrx_word' id='word_1_54' title='bbox 842 781 962 842; x_wconf 89' lang='lat' dir='ltr'>quorum</span> <span class='ocrx_word' id='word_1_55' title='bbox 983 766 1078 826; x_wconf 86' lang='lat' dir='ltr'>umidi.</span> <span class='ocrx_word' id='word_1_56' title='bbox 1109 787 1182 830; x_wconf 84' lang='lat' dir='ltr'>ser·-</span> 
     </span>
     <span class='ocr_line' id='line_1_8' title="bbox 157 847 1174 929; baseline 0.002 -19"><span class='ocrx_word' id='word_1_57' title='bbox 157 853 294 929; x_wconf 74' lang='lat' dir='ltr'>,pentium</span> <span class='ocrx_word' id='word_1_58' title='bbox 314 848 418 910; x_wconf 73' lang='lat' dir='ltr'>catulis</span> <span class='ocrx_word' id='word_1_59' title='bbox 438 856 469 908; x_wconf 88' lang='lat' dir='ltr'>et</span> <span class='ocrx_word' id='word_1_60' title='bbox 488 847 667 916; x_wconf 79' lang='lat' dir='ltr'>hirundinum</span> <span class='ocrx_word' id='word_1_61' title='bbox 681 848 786 926; x_wconf 84' lang='lat' dir='ltr'>pullis,</span> <span class='ocrx_word' id='word_1_62' title='bbox 801 849 827 908; x_wconf 86' lang='lat' dir='ltr'>ai</span> <span class='ocrx_word' id='word_1_63' title='bbox 848 849 914 927; x_wconf 90' lang='lat' dir='ltr'>quis</span> <span class='ocrx_word' id='word_1_64' title='bbox 935 858 1033 924; x_wconf 84' lang='lat' dir='ltr'>eruat,</span> <span class='ocrx_word' id='word_1_65' title='bbox 1056 854 1174 914; x_wconf 69' lang='lat' dir='ltr'>renasci</span> 
     </span>
     <span class='ocr_line' id='line_1_9' title="bbox 124 932 1171 1010; baseline 0.001 -14"><span class='ocrx_word' id='word_1_66' title='bbox 124 935 306 997; x_wconf 85' lang='lat' dir='ltr'>153tradont.</span> <span class='ocrx_word' id='word_1_67' title='bbox 339 933 518 994; x_wconf 86' lang='lat' dir='ltr'>lnseotorum</span> <span class='ocrx_word' id='word_1_68' title='bbox 536 932 659 992; x_wconf 85' lang='lat' dir='ltr'>omnium</span> <span class='ocrx_word' id='word_1_69' title='bbox 679 941 710 992; x_wconf 93' lang='lat' dir='ltr'>et</span> <span class='ocrx_word' id='word_1_70' title='bbox 724 933 811 992; x_wconf 90' lang='lat' dir='ltr'>testei</span> <span class='ocrx_word' id='word_1_71' title='bbox 829 933 1001 1010; x_wconf 73' lang='lat' dir='ltr'><strong>operimenti</strong></span> <span class='ocrx_word' id='word_1_72' title='bbox 1015 935 1095 996; x_wconf 88' lang='lat' dir='ltr'>oenli</span> <span class='ocrx_word' id='word_1_73' title='bbox 1113 953 1171 996; x_wconf 82' lang='lat' dir='ltr'>mo·</span> 
     </span>
     <span class='ocr_line' id='line_1_10' title="bbox 167 1015 1171 1096; baseline -0.001 -18"><span class='ocrx_word' id='word_1_74' title='bbox 167 1027 270 1078; x_wconf 82' lang='lat' dir='ltr'>rentur</span> <span class='ocrx_word' id='word_1_75' title='bbox 286 1018 360 1076; x_wconf 84' lang='lat' dir='ltr'>sieut</span> <span class='ocrx_word' id='word_1_76' title='bbox 375 1015 585 1096; x_wconf 78' lang='lat' dir='ltr'><strong>quadripedum</strong></span> <span class='ocrx_word' id='word_1_77' title='bbox 602 1034 698 1079; x_wconf 90' lang='lat' dir='ltr'>aures.</span> <span class='ocrx_word' id='word_1_78' title='bbox 730 1016 835 1095; x_wconf 88' lang='lat' dir='ltr'>quibus</span> <span class='ocrx_word' id='word_1_79' title='bbox 849 1016 963 1094; x_wconf 66' lang='lat' dir='ltr'>fragilia</span> <span class='ocrx_word' id='word_1_80' title='bbox 978 1021 1171 1096; x_wconf 74' lang='lat' dir='ltr'>operierenm,</span> 
     </span>
     <span class='ocr_line' id='line_1_11' title="bbox 168 1099 1224 1202; baseline -0.004 -42"><span class='ocrx_word' id='word_1_81' title='bbox 168 1102 203 1160; x_wconf 88' lang='lat' dir='ltr'>iis</span> <span class='ocrx_word' id='word_1_82' title='bbox 220 1101 297 1181; x_wconf 84' lang='lat' dir='ltr'>oculi</span> <span class='ocrx_word' id='word_1_83' title='bbox 317 1099 389 1160; x_wconf 91' lang='lat' dir='ltr'>duri.</span> <span class='ocrx_word' id='word_1_84' title='bbox 418 1099 518 1160; x_wconf 89' lang='lat' dir='ltr'>Omnia</span> <span class='ocrx_word' id='word_1_85' title='bbox 539 1100 606 1160; x_wconf 87' lang='lat' dir='ltr'>talia</span> <span class='ocrx_word' id='word_1_86' title='bbox 630 1109 660 1158; x_wconf 93' lang='lat' dir='ltr'>et</span> <span class='ocrx_word' id='word_1_87' title='bbox 680 1101 779 1180; x_wconf 85' lang='lat' dir='ltr'>pianes</span> <span class='ocrx_word' id='word_1_88' title='bbox 803 1110 832 1161; x_wconf 86' lang='lat' dir='ltr'>et</span> <span class='ocrx_word' id='word_1_89' title='bbox 853 1102 966 1166; x_wconf 73' lang='lat' dir='ltr'>insecta</span> <span class='ocrx_word' id='word_1_90' title='bbox 984 1118 1043 1162; x_wconf 87' lang='lat' dir='ltr'>aon</span> <span class='ocrx_word' id='word_1_91' title='bbox 1065 1103 1197 1167; x_wconf 67' lang='lat' dir='ltr'>boberto</span> <span class='ocrx_word' id='word_1_92' title='bbox 1221 1143 1224 1202; x_wconf 39' lang='lat' dir='ltr'>k</span> 
     </span>
     <span class='ocr_line' id='line_1_12' title="bbox 60 1181 1224 1270; baseline 0.005 -27"><span class='ocrx_word' id='word_1_93' title='bbox 60 1253 64 1260; x_wconf 27' lang='grc' dir='ltr'>ι</span> <span class='ocrx_word' id='word_1_94' title='bbox 167 1203 260 1262; x_wconf 84' lang='lat' dir='ltr'>genas</span> <span class='ocrx_word' id='word_1_95' title='bbox 283 1203 338 1246; x_wconf 87' lang='lat' dir='ltr'>neo</span> <span class='ocrx_word' id='word_1_96' title='bbox 359 1181 489 1262; x_wconf 81' lang='lat' dir='ltr'>iutegu&#39;ut</span> <span class='ocrx_word' id='word_1_97' title='bbox 512 1184 624 1245; x_wconf 89' lang='lat' dir='ltr'>ooulos.</span> <span class='ocrx_word' id='word_1_98' title='bbox 660 1184 792 1246; x_wconf 87' lang='lat' dir='ltr'>omnibus</span> <span class='ocrx_word' id='word_1_99' title='bbox 807 1183 973 1246; x_wconf 77' lang='lat' dir='ltr'>membrana</span> <span class='ocrx_word' id='word_1_100' title='bbox 995 1187 1061 1246; x_wconf 86' lang='lat' dir='ltr'>vitri</span> <span class='ocrx_word' id='word_1_101' title='bbox 1083 1188 1170 1248; x_wconf 83' lang='lat' dir='ltr'>modo</span> <span class='ocrx_word' id='word_1_102' title='bbox 1222 1213 1224 1270; x_wconf 36' lang='lat' dir='ltr'>p</span> 
     </span>
     <span class='ocr_line' id='line_1_13' title="bbox 166 1267 1225 1332; baseline -0.007 -2"><span class='ocrx_word' id='word_1_103' title='bbox 166 1268 306 1330; x_wconf 79' lang='lat' dir='ltr'>nalnoida</span> <span class='ocrx_word' id='word_1_104' title='bbox 322 1267 495 1332; x_wconf 79' lang='lat' dir='ltr'>obtenditur.</span> <span class='ocrx_word' id='word_1_105' title='bbox 1222 1271 1225 1306; x_wconf 60' lang='lat' dir='ltr'><strong>f</strong></span> 
     </span>
     <span class='ocr_line' id='line_1_14' title="bbox 126 1351 1221 1434; baseline 0.002 -16"><span class='ocrx_word' id='word_1_106' title='bbox 126 1362 178 1418; x_wconf 73' lang='lat'>154</span> <span class='ocrx_word' id='word_1_107' title='bbox 234 1351 318 1434; x_wconf 69' lang='grc'>(56.)</span> <span class='ocrx_word' id='word_1_108' title='bbox 342 1353 506 1434; x_wconf 80' lang='lat' dir='ltr'>Palpebrae</span> <span class='ocrx_word' id='word_1_109' title='bbox 532 1356 560 1414; x_wconf 92' lang='lat' dir='ltr'>iu</span> <span class='ocrx_word' id='word_1_110' title='bbox 584 1355 669 1430; x_wconf 78' lang='lat' dir='ltr'>genis</span> <span class='ocrx_word' id='word_1_111' title='bbox 688 1353 797 1416; x_wconf 86' lang='lat' dir='ltr'>bomini</span> <span class='ocrx_word' id='word_1_112' title='bbox 818 1356 976 1433; x_wconf 81' lang='lat' dir='ltr'>utrimque,</span> <span class='ocrx_word' id='word_1_113' title='bbox 999 1355 1188 1417; x_wconf 48' lang='lat' dir='ltr'>mulieribus*</span> <span class='ocrx_word' id='word_1_114' title='bbox 1217 1415 1221 1420; x_wconf 89' lang='lat'>.</span> 
     </span>
     <span class='ocr_line' id='line_1_15' title="bbox 167 1438 1169 1502; baseline 0.004 -4"><span class='ocrx_word' id='word_1_115' title='bbox 167 1455 238 1499; x_wconf 87' lang='lat' dir='ltr'>rero</span> <span class='ocrx_word' id='word_1_116' title='bbox 258 1439 344 1500; x_wconf 86' lang='lat' dir='ltr'>etiarn</span> <span class='ocrx_word' id='word_1_117' title='bbox 364 1439 490 1502; x_wconf 76' lang='lat' dir='ltr'>iniectae</span> <span class='ocrx_word' id='word_1_118' title='bbox 513 1438 669 1500; x_wconf 75' lang='lat' dir='ltr'>cotidiano.</span> <span class='ocrx_word' id='word_1_119' title='bbox 708 1447 785 1498; x_wconf 90' lang='lat' dir='ltr'>tanta</span> <span class='ocrx_word' id='word_1_120' title='bbox 808 1447 855 1498; x_wconf 85' lang='lat' dir='ltr'>est</span> <span class='ocrx_word' id='word_1_121' title='bbox 877 1440 994 1500; x_wconf 84' lang='lat' dir='ltr'>deeoris</span> <span class='ocrx_word' id='word_1_122' title='bbox 1010 1439 1169 1502; x_wconf 83' lang='lat' dir='ltr'>edientntio</span> 
     </span>
     <span class='ocr_line' id='line_1_16' title="bbox 167 1522 1197 1603; baseline -0.002 -21"><span class='ocrx_word' id='word_1_123' title='bbox 167 1532 197 1582; x_wconf 89' lang='lat' dir='ltr'>nt</span> <span class='ocrx_word' id='word_1_124' title='bbox 209 1524 373 1600; x_wconf 80' lang='lat' dir='ltr'>tinguantur</span> <span class='ocrx_word' id='word_1_125' title='bbox 385 1524 462 1584; x_wconf 89' lang='lat' dir='ltr'>oeuli</span> <span class='ocrx_word' id='word_1_126' title='bbox 477 1541 604 1603; x_wconf 89' lang='lat' dir='ltr'>quoque.</span> <span class='ocrx_word' id='word_1_127' title='bbox 636 1522 691 1584; x_wconf 90' lang='lat' dir='ltr'>alia</span> <span class='ocrx_word' id='word_1_128' title='bbox 707 1522 743 1582; x_wconf 87' lang='lat' dir='ltr'>de</span> <span class='ocrx_word' id='word_1_129' title='bbox 759 1539 846 1584; x_wconf 85' lang='lat' dir='ltr'>eausa</span> <span class='ocrx_word' id='word_1_130' title='bbox 861 1523 919 1584; x_wconf 83' lang='lat' dir='ltr'>boe</span> <span class='ocrx_word' id='word_1_131' title='bbox 932 1533 1032 1584; x_wconf 87' lang='lat' dir='ltr'>natura</span> <span class='ocrx_word' id='word_1_132' title='bbox 1048 1523 1197 1586; x_wconf 73' lang='lat' dir='ltr'>dederetur</span> 
     </span>
     <span class='ocr_line' id='line_1_17' title="bbox 167 1607 1170 1685; baseline 0.002 -19"><span class='ocrx_word' id='word_1_133' title='bbox 167 1623 223 1666; x_wconf 81' lang='lat' dir='ltr'>eeu</span> <span class='ocrx_word' id='word_1_134' title='bbox 238 1607 343 1668; x_wconf 86' lang='lat' dir='ltr'>vallum</span> <span class='ocrx_word' id='word_1_135' title='bbox 361 1607 505 1685; x_wconf 84' lang='lat' dir='ltr'>quoddam</span> <span class='ocrx_word' id='word_1_136' title='bbox 527 1609 607 1667; x_wconf 88' lang='lat' dir='ltr'>visus</span> <span class='ocrx_word' id='word_1_137' title='bbox 623 1616 653 1668; x_wconf 90' lang='lat' dir='ltr'>et</span> <span class='ocrx_word' id='word_1_138' title='bbox 667 1608 834 1684; x_wconf 81' lang='lat' dir='ltr'>prominens</span> <span class='ocrx_word' id='word_1_139' title='bbox 849 1610 1051 1670; x_wconf 86' lang='lat' dir='ltr'>munimentum</span> <span class='ocrx_word' id='word_1_140' title='bbox 1069 1617 1170 1668; x_wconf 85' lang='lat' dir='ltr'>eontra</span> 
     </span>
     <span class='ocr_line' id='line_1_18' title="bbox 168 1691 1170 1760; baseline 0.007 -13"><span class='ocrx_word' id='word_1_141' title='bbox 168 1691 350 1760; x_wconf 82' lang='lat' dir='ltr'>opcnrsantin</span> <span class='ocrx_word' id='word_1_142' title='bbox 369 1691 500 1752; x_wconf 87' lang='lat' dir='ltr'>animalia</span> <span class='ocrx_word' id='word_1_143' title='bbox 512 1700 560 1752; x_wconf 88' lang='lat' dir='ltr'>aut</span> <span class='ocrx_word' id='word_1_144' title='bbox 571 1691 628 1752; x_wconf 88' lang='lat' dir='ltr'>ulia</span> <span class='ocrx_word' id='word_1_145' title='bbox 642 1691 762 1752; x_wconf 79' lang='lat' dir='ltr'>fortuito</span> <span class='ocrx_word' id='word_1_146' title='bbox 781 1691 945 1753; x_wconf 86' lang='lat' dir='ltr'>innidentia.</span> <span class='ocrx_word' id='word_1_147' title='bbox 974 1691 1107 1752; x_wconf 86' lang='lat' dir='ltr'>debuere</span> <span class='ocrx_word' id='word_1_148' title='bbox 1120 1711 1170 1754; x_wconf 86' lang='lat' dir='ltr'>eas</span> 
     </span>
     <span class='ocr_line' id='line_1_19' title="bbox 125 1772 1170 1838; baseline 0 -2"><span class='ocrx_word' id='word_1_149' title='bbox 125 1772 254 1836; x_wconf 72' lang='lat' dir='ltr'>inibant</span> <span class='ocrx_word' id='word_1_150' title='bbox 268 1773 400 1832; x_wconf 86' lang='lat' dir='ltr'>inmerito</span> <span class='ocrx_word' id='word_1_151' title='bbox 414 1791 523 1834; x_wconf 88' lang='lat' dir='ltr'>venere</span> <span class='ocrx_word' id='word_1_152' title='bbox 537 1773 747 1836; x_wconf 74' lang='lat' dir='ltr'>abundantibus</span> <span class='ocrx_word' id='word_1_153' title='bbox 761 1775 884 1838; x_wconf 87' lang='lat' dir='ltr'>tradunt.</span> <span class='ocrx_word' id='word_1_154' title='bbox 913 1775 959 1838; x_wconf 83' lang='lat' dir='ltr'>Er</span> <span class='ocrx_word' id='word_1_155' title='bbox 975 1777 1084 1836; x_wconf 86' lang='lat' dir='ltr'>oeteris</span> <span class='ocrx_word' id='word_1_156' title='bbox 1101 1776 1170 1836; x_wconf 89' lang='lat' dir='ltr'>nulli</span> 
     </span>
     <span class='ocr_line' id='line_1_20' title="bbox 168 1855 1170 1938; baseline 0.004 -22"><span class='ocrx_word' id='word_1_157' title='bbox 168 1864 233 1916; x_wconf 87' lang='lat' dir='ltr'>sunt</span> <span class='ocrx_word' id='word_1_158' title='bbox 248 1856 302 1916; x_wconf 88' lang='lat' dir='ltr'>nisi</span> <span class='ocrx_word' id='word_1_159' title='bbox 319 1855 423 1934; x_wconf 91' lang='lat' dir='ltr'>quibus</span> <span class='ocrx_word' id='word_1_160' title='bbox 439 1865 468 1916; x_wconf 92' lang='lat' dir='ltr'>et</span> <span class='ocrx_word' id='word_1_161' title='bbox 482 1858 510 1917; x_wconf 94' lang='lat' dir='ltr'>iu</span> <span class='ocrx_word' id='word_1_162' title='bbox 525 1857 640 1937; x_wconf 87' lang='lat' dir='ltr'>reliquo</span> <span class='ocrx_word' id='word_1_163' title='bbox 653 1875 780 1937; x_wconf 83' lang='lat' dir='ltr'>corpore</span> <span class='ocrx_word' id='word_1_164' title='bbox 790 1859 857 1937; x_wconf 82' lang='lat' dir='ltr'>pili,</span> <span class='ocrx_word' id='word_1_165' title='bbox 875 1861 928 1920; x_wconf 89' lang='lat' dir='ltr'>sed</span> <span class='ocrx_word' id='word_1_166' title='bbox 942 1859 1170 1938; x_wconf 68' lang='lat' dir='ltr'>quadripedibus</span> 
     </span>
     <span class='ocr_line' id='line_1_21' title="bbox 166 1940 1197 2020; baseline 0.003 -21"><span class='ocrx_word' id='word_1_167' title='bbox 166 1941 195 1999; x_wconf 91' lang='lat' dir='ltr'>in</span> <span class='ocrx_word' id='word_1_168' title='bbox 217 1940 372 2018; x_wconf 81' lang='lat' dir='ltr'>superiore</span> <span class='ocrx_word' id='word_1_169' title='bbox 386 1948 492 2002; x_wconf 87' lang='lat' dir='ltr'>tanturn</span> <span class='ocrx_word' id='word_1_170' title='bbox 510 1959 601 2019; x_wconf 75' lang='lat' dir='ltr'>gena,</span> <span class='ocrx_word' id='word_1_171' title='bbox 618 1942 785 2004; x_wconf 81' lang='lat' dir='ltr'>volueribus</span> <span class='ocrx_word' id='word_1_172' title='bbox 805 1944 833 2003; x_wconf 92' lang='lat' dir='ltr'>in</span> <span class='ocrx_word' id='word_1_173' title='bbox 847 1942 1004 2018; x_wconf 82' lang='lat' dir='ltr'>interiore,</span> <span class='ocrx_word' id='word_1_174' title='bbox 1021 1951 1051 2005; x_wconf 88' lang='lat' dir='ltr'>et</span> <span class='ocrx_word' id='word_1_175' title='bbox 1067 1943 1197 2020; x_wconf 82' lang='lat' dir='ltr'>quibnrn</span> 
     </span>
     <span class='ocr_line' id='line_1_22' title="bbox 166 2023 1169 2106; baseline 0.006 -24"><span class='ocrx_word' id='word_1_176' title='bbox 166 2023 256 2086; x_wconf 87' lang='lat' dir='ltr'>nrolle</span> <span class='ocrx_word' id='word_1_177' title='bbox 271 2032 371 2102; x_wconf 79' lang='lat' dir='ltr'>tergus</span> <span class='ocrx_word' id='word_1_178' title='bbox 380 2066 390 2101; x_wconf 90' lang='lat'>,</span> <span class='ocrx_word' id='word_1_179' title='bbox 412 2034 442 2086; x_wconf 88' lang='lat' dir='ltr'>ut</span> <span class='ocrx_word' id='word_1_180' title='bbox 457 2026 659 2104; x_wconf 74' lang='lat' dir='ltr'>serpentibus,</span> <span class='ocrx_word' id='word_1_181' title='bbox 682 2037 712 2088; x_wconf 87' lang='lat' dir='ltr'>et</span> <span class='ocrx_word' id='word_1_182' title='bbox 733 2027 941 2106; x_wconf 75' lang='lat' dir='ltr'>quadripedum</span> <span class='ocrx_word' id='word_1_183' title='bbox 957 2045 1032 2106; x_wconf 88' lang='lat' dir='ltr'>qaae</span> <span class='ocrx_word' id='word_1_184' title='bbox 1048 2045 1107 2088; x_wconf 84' lang='lat' dir='ltr'>ova</span> <span class='ocrx_word' id='word_1_185' title='bbox 1122 2045 1169 2104; x_wconf 84' lang='lat' dir='ltr'>pa·</span> 
     </span>
     <span class='ocr_line' id='line_1_23' title="bbox 166 2108 1169 2185; baseline 0.004 -19"><span class='ocrx_word' id='word_1_186' title='bbox 166 2109 257 2185; x_wconf 83' lang='lat' dir='ltr'>nient,</span> <span class='ocrx_word' id='word_1_187' title='bbox 273 2118 303 2170; x_wconf 89' lang='lat' dir='ltr'>ut</span> <span class='ocrx_word' id='word_1_188' title='bbox 317 2108 457 2174; x_wconf 81' lang='lat' dir='ltr'>lacertae.</span> <span class='ocrx_word' id='word_1_189' title='bbox 484 2110 731 2174; x_wconf 75' lang='lat' dir='ltr'>struthocamelus</span> <span class='ocrx_word' id='word_1_190' title='bbox 744 2111 841 2172; x_wconf 84' lang='lat' dir='ltr'>alitum</span> <span class='ocrx_word' id='word_1_191' title='bbox 857 2112 919 2173; x_wconf 88' lang='lat' dir='ltr'>sola</span> <span class='ocrx_word' id='word_1_192' title='bbox 933 2121 963 2170; x_wconf 87' lang='lat' dir='ltr'>ut</span> <span class='ocrx_word' id='word_1_193' title='bbox 975 2111 1061 2172; x_wconf 88' lang='lat' dir='ltr'>borno</span> <span class='ocrx_word' id='word_1_194' title='bbox 1075 2113 1169 2170; x_wconf 81' lang='lat' dir='ltr'>utrien-</span> 
     </span>
     <span class='ocr_line' id='line_1_24' title="bbox 168 2193 516 2273; baseline 0.006 -19"><span class='ocrx_word' id='word_1_195' title='bbox 168 2209 225 2272; x_wconf 86' lang='lat' dir='ltr'>qne</span> <span class='ocrx_word' id='word_1_196' title='bbox 244 2193 402 2273; x_wconf 86' lang='lat' dir='ltr'>palpebras</span> <span class='ocrx_word' id='word_1_197' title='bbox 419 2195 516 2256; x_wconf 86' lang='lat' dir='ltr'>babet.</span> 
     </span>
     <span class='ocr_line' id='line_1_25' title="bbox 127 2276 1169 2359; baseline -0.001 -20"><span class='ocrx_word' id='word_1_198' title='bbox 127 2283 177 2342; x_wconf 81' lang='lat'>156</span> <span class='ocrx_word' id='word_1_199' title='bbox 231 2279 315 2357; x_wconf 83' lang='grc'>(57.)</span> <span class='ocrx_word' id='word_1_200' title='bbox 338 2276 382 2338; x_wconf 87' lang='lat' dir='ltr'>Ne</span> <span class='ocrx_word' id='word_1_201' title='bbox 396 2297 491 2356; x_wconf 78' lang='lat' dir='ltr'>genae</span> <span class='ocrx_word' id='word_1_202' title='bbox 511 2281 626 2359; x_wconf 85' lang='lat' dir='ltr'>quidem</span> <span class='ocrx_word' id='word_1_203' title='bbox 642 2279 788 2353; x_wconf 81' lang='lat' dir='ltr'>omnibus,</span> <span class='ocrx_word' id='word_1_204' title='bbox 800 2280 868 2341; x_wconf 90' lang='lat' dir='ltr'>ideo</span> <span class='ocrx_word' id='word_1_205' title='bbox 883 2298 979 2358; x_wconf 87' lang='lat' dir='ltr'>neque</span> <span class='ocrx_word' id='word_1_206' title='bbox 997 2281 1169 2340; x_wconf 85' lang='lat' dir='ltr'>niotationer</span> 
     </span>
    </p>
   </div>
   <div class='ocr_carea' id='block_1_3' title="bbox 29 2360 1197 2446">
    <p class='ocr_par' dir='ltr' id='par_1_3' title="bbox 29 2360 1197 2446">
     <span class='ocr_line' id='line_1_26' title="bbox 29 2360 1197 2446; baseline 0.001 -27"><span class='ocrx_word' id='word_1_207' title='bbox 29 2438 39 2446; x_wconf 27' lang='grc' dir='ltr'>ι</span> <span class='ocrx_word' id='word_1_208' title='bbox 167 2360 203 2421; x_wconf 91' lang='lat' dir='ltr'>iis</span> <span class='ocrx_word' id='word_1_209' title='bbox 225 2381 300 2442; x_wconf 90' lang='lat' dir='ltr'>quae</span> <span class='ocrx_word' id='word_1_210' title='bbox 329 2364 431 2424; x_wconf 87' lang='lat' dir='ltr'>animai</span> <span class='ocrx_word' id='word_1_211' title='bbox 457 2374 607 2442; x_wconf 74' lang='lat' dir='ltr'>generant.</span> <span class='ocrx_word' id='word_1_212' title='bbox 644 2365 797 2442; x_wconf 77' lang='lat' dir='ltr'>graviores</span> <span class='ocrx_word' id='word_1_213' title='bbox 817 2364 914 2424; x_wconf 88' lang='lat' dir='ltr'>alitum</span> <span class='ocrx_word' id='word_1_214' title='bbox 935 2363 1074 2424; x_wconf 83' lang='lat' dir='ltr'>inferiore</span> <span class='ocrx_word' id='word_1_215' title='bbox 1096 2379 1197 2440; x_wconf 73' lang='lat' dir='ltr'>gennas</span> 
     </span>
    </p>
   </div>
   <div class='ocr_carea' id='block_1_4' title="bbox 127 2445 1200 3278">
    <p class='ocr_par' dir='ltr' id='par_1_4' title="bbox 127 2445 1200 3278">
     <span class='ocr_line' id='line_1_27' title="bbox 169 2445 1167 2524; baseline 0 -18"><span class='ocrx_word' id='word_1_216' title='bbox 169 2448 320 2522; x_wconf 72' lang='lat' dir='ltr'>conivent,</span> <span class='ocrx_word' id='word_1_217' title='bbox 344 2447 464 2507; x_wconf 87' lang='lat' dir='ltr'>eaedem</span> <span class='ocrx_word' id='word_1_218' title='bbox 484 2450 626 2508; x_wconf 82' lang='lat' dir='ltr'>nictantur</span> <span class='ocrx_word' id='word_1_219' title='bbox 650 2448 686 2509; x_wconf 88' lang='lat' dir='ltr'>ab</span> <span class='ocrx_word' id='word_1_220' title='bbox 710 2447 823 2524; x_wconf 76' lang='lat' dir='ltr'>angulis</span> <span class='ocrx_word' id='word_1_221' title='bbox 844 2447 1008 2508; x_wconf 83' lang='lat' dir='ltr'>membrana</span> <span class='ocrx_word' id='word_1_222' title='bbox 1032 2445 1167 2506; x_wconf 83' lang='lat' dir='ltr'>obeunte.</span> 
     </span>
     <span class='ocr_line' id='line_1_28' title="bbox 169 2528 1169 2611; baseline 0.003 -24"><span class='ocrx_word' id='word_1_223' title='bbox 169 2528 321 2588; x_wconf 84' lang='lat' dir='ltr'>columbae</span> <span class='ocrx_word' id='word_1_224' title='bbox 343 2539 372 2588; x_wconf 88' lang='lat' dir='ltr'>et</span> <span class='ocrx_word' id='word_1_225' title='bbox 393 2530 495 2592; x_wconf 86' lang='lat' dir='ltr'>similia</span> <span class='ocrx_word' id='word_1_226' title='bbox 515 2541 637 2611; x_wconf 90' lang='lat' dir='ltr'>utraque</span> <span class='ocrx_word' id='word_1_227' title='bbox 661 2533 804 2592; x_wconf 86' lang='lat' dir='ltr'>conivent.</span> <span class='ocrx_word' id='word_1_228' title='bbox 843 2540 871 2590; x_wconf 84' lang='lat' dir='ltr'>at</span> <span class='ocrx_word' id='word_1_229' title='bbox 885 2529 1082 2608; x_wconf 86' lang='lat' dir='ltr'>quadripedes</span> <span class='ocrx_word' id='word_1_230' title='bbox 1097 2548 1169 2610; x_wconf 86' lang='lat' dir='ltr'>quae</span> 
     </span>
     <span class='ocr_line' id='line_1_29' title="bbox 168 2613 1168 2692; baseline 0.006 -24"><span class='ocrx_word' id='word_1_231' title='bbox 168 2626 224 2669; x_wconf 84' lang='lat' dir='ltr'>ora</span> <span class='ocrx_word' id='word_1_232' title='bbox 238 2613 368 2689; x_wconf 86' lang='lat' dir='ltr'>pariunt,</span> <span class='ocrx_word' id='word_1_233' title='bbox 392 2621 422 2672; x_wconf 89' lang='lat' dir='ltr'>ut</span> <span class='ocrx_word' id='word_1_234' title='bbox 436 2614 613 2691; x_wconf 87' lang='lat' dir='ltr'>testudines,</span> <span class='ocrx_word' id='word_1_235' title='bbox 631 2615 787 2690; x_wconf 72' lang='lat' dir='ltr'>crocodili,</span> <span class='ocrx_word' id='word_1_236' title='bbox 811 2615 949 2676; x_wconf 78' lang='lat' dir='ltr'>inferiore</span> <span class='ocrx_word' id='word_1_237' title='bbox 965 2623 1091 2692; x_wconf 71' lang='lat' dir='ltr'>tentum,</span> <span class='ocrx_word' id='word_1_238' title='bbox 1110 2617 1168 2676; x_wconf 86' lang='lat' dir='ltr'>sire</span> 
     </span>
     <span class='ocr_line' id='line_1_30' title="bbox 127 2691 1167 2778; baseline -0.002 -21"><span class='ocrx_word' id='word_1_239' title='bbox 127 2701 177 2757; x_wconf 81' lang='lat'>157</span> <span class='ocrx_word' id='word_1_240' title='bbox 187 2691 245 2754; x_wconf 88' lang='lat' dir='ltr'>ulla</span> <span class='ocrx_word' id='word_1_241' title='bbox 262 2695 417 2758; x_wconf 74' lang='lat' dir='ltr'>nictatione</span> <span class='ocrx_word' id='word_1_242' title='bbox 432 2708 553 2778; x_wconf 90' lang='lat' dir='ltr'>propter</span> <span class='ocrx_word' id='word_1_243' title='bbox 568 2700 730 2778; x_wconf 88' lang='lat' dir='ltr'>praeduros</span> <span class='ocrx_word' id='word_1_244' title='bbox 748 2699 861 2761; x_wconf 86' lang='lat' dir='ltr'>oeulos.</span> <span class='ocrx_word' id='word_1_245' title='bbox 900 2697 1069 2760; x_wconf 81' lang='lat' dir='ltr'>Extremum</span> <span class='ocrx_word' id='word_1_246' title='bbox 1084 2698 1167 2758; x_wconf 80' lang='lat' dir='ltr'>ambi</span> 
     </span>
     <span class='ocr_line' id='line_1_31' title="bbox 168 2781 1196 2862; baseline -0.001 -24"><span class='ocrx_word' id='word_1_247' title='bbox 168 2785 226 2838; x_wconf 86' lang='lat' dir='ltr'>tum</span> <span class='ocrx_word' id='word_1_248' title='bbox 240 2794 334 2854; x_wconf 79' lang='lat' dir='ltr'>genae</span> <span class='ocrx_word' id='word_1_249' title='bbox 351 2785 509 2858; x_wconf 87' lang='lat' dir='ltr'>superioris</span> <span class='ocrx_word' id='word_1_250' title='bbox 525 2785 633 2862; x_wconf 91' lang='lat' dir='ltr'>antiqui</span> <span class='ocrx_word' id='word_1_251' title='bbox 649 2784 744 2844; x_wconf 77' lang='lat' dir='ltr'>cilium</span> <span class='ocrx_word' id='word_1_252' title='bbox 757 2799 920 2857; x_wconf 84' lang='lat' dir='ltr'>vocavere,</span> <span class='ocrx_word' id='word_1_253' title='bbox 932 2781 1008 2843; x_wconf 89' lang='lat' dir='ltr'>unde</span> <span class='ocrx_word' id='word_1_254' title='bbox 1022 2791 1054 2842; x_wconf 86' lang='lat' dir='ltr'>et</span> <span class='ocrx_word' id='word_1_255' title='bbox 1068 2800 1166 2861; x_wconf 88' lang='lat' dir='ltr'>super·</span> <span class='ocrx_word' id='word_1_256' title='bbox 1175 2794 1196 2836; x_wconf 84' lang='grc' dir='ltr'>ιι</span> 
     </span>
     <span class='ocr_line' id='line_1_32' title="bbox 170 2861 1169 2946; baseline 0.002 -24"><span class='ocrx_word' id='word_1_257' title='bbox 170 2862 244 2923; x_wconf 85' lang='lat' dir='ltr'>eilia.</span> <span class='ocrx_word' id='word_1_258' title='bbox 276 2861 333 2920; x_wconf 89' lang='lat' dir='ltr'>boo</span> <span class='ocrx_word' id='word_1_259' title='bbox 348 2863 469 2926; x_wconf 80' lang='lat' dir='ltr'>volnere</span> <span class='ocrx_word' id='word_1_260' title='bbox 485 2868 582 2946; x_wconf 77' lang='lat' dir='ltr'>aliquo</span> <span class='ocrx_word' id='word_1_261' title='bbox 605 2866 749 2928; x_wconf 87' lang='lat' dir='ltr'>diduntunu</span> <span class='ocrx_word' id='word_1_262' title='bbox 765 2884 822 2928; x_wconf 92' lang='lat' dir='ltr'>uon</span> <span class='ocrx_word' id='word_1_263' title='bbox 837 2867 995 2943; x_wconf 72' lang='lat' dir='ltr'>andabeit,</span> <span class='ocrx_word' id='word_1_264' title='bbox 1012 2875 1042 2926; x_wconf 91' lang='lat' dir='ltr'>ut</span> <span class='ocrx_word' id='word_1_265' title='bbox 1057 2868 1086 2926; x_wconf 91' lang='lat' dir='ltr'>in</span> <span class='ocrx_word' id='word_1_266' title='bbox 1101 2884 1169 2945; x_wconf 89' lang='lat' dir='ltr'>pan·</span> 
     </span>
     <span class='ocr_line' id='line_1_33' title="bbox 170 2945 647 3028; baseline 0.004 -20"><span class='ocrx_word' id='word_1_267' title='bbox 170 2947 212 3008; x_wconf 86' lang='lat' dir='ltr'>nis</span> <span class='ocrx_word' id='word_1_268' title='bbox 226 2945 338 3006; x_wconf 88' lang='lat' dir='ltr'>humani</span> <span class='ocrx_word' id='word_1_269' title='bbox 355 2953 487 3028; x_wconf 84' lang='lat' dir='ltr'>eorporis</span> <span class='ocrx_word' id='word_1_270' title='bbox 502 2951 647 3012; x_wconf 85' lang='lat' dir='ltr'>membris.</span> 
     </span>
     <span class='ocr_line' id='line_1_34' title="bbox 233 3028 1170 3114; baseline 0.002 -24"><span class='ocrx_word' id='word_1_271' title='bbox 233 3028 318 3110; x_wconf 88' lang='grc'>(58.)</span> <span class='ocrx_word' id='word_1_272' title='bbox 340 3029 417 3094; x_wconf 84' lang='lat' dir='ltr'>inira</span> <span class='ocrx_word' id='word_1_273' title='bbox 433 3035 536 3098; x_wconf 86' lang='lat' dir='ltr'>oeulos</span> <span class='ocrx_word' id='word_1_274' title='bbox 550 3035 644 3096; x_wconf 85' lang='lat' dir='ltr'>malae</span> <span class='ocrx_word' id='word_1_275' title='bbox 659 3036 766 3099; x_wconf 86' lang='lat' dir='ltr'>bomini</span> <span class='ocrx_word' id='word_1_276' title='bbox 781 3044 904 3111; x_wconf 79' lang='lat' dir='ltr'>tanturn,</span> <span class='ocrx_word' id='word_1_277' title='bbox 927 3051 999 3114; x_wconf 88' lang='lat' dir='ltr'>qnas</span> <span class='ocrx_word' id='word_1_278' title='bbox 1015 3034 1106 3110; x_wconf 86' lang='lat' dir='ltr'>prisoi</span> <span class='ocrx_word' id='word_1_279' title='bbox 1122 3051 1170 3110; x_wconf 76' lang='lat' dir='ltr'>ge·</span> 
     </span>
     <span class='ocr_line' id='line_1_35' title="bbox 169 3114 1170 3193; baseline 0.001 -17"><span class='ocrx_word' id='word_1_280' title='bbox 169 3131 221 3176; x_wconf 87' lang='lat' dir='ltr'>uas</span> <span class='ocrx_word' id='word_1_281' title='bbox 235 3114 393 3193; x_wconf 81' lang='lat' dir='ltr'>vocabant,</span> <span class='ocrx_word' id='word_1_282' title='bbox 415 3131 467 3178; x_wconf 84' lang='lat' dir='ltr'>xn</span> <span class='ocrx_word' id='word_1_283' title='bbox 484 3119 643 3181; x_wconf 85' lang='lat' dir='ltr'>tabularum</span> <span class='ocrx_word' id='word_1_284' title='bbox 662 3121 814 3180; x_wconf 83' lang='lat' dir='ltr'>interdieto</span> <span class='ocrx_word' id='word_1_285' title='bbox 830 3119 891 3180; x_wconf 88' lang='lat' dir='ltr'>radi</span> <span class='ocrx_word' id='word_1_286' title='bbox 912 3117 1058 3181; x_wconf 79' lang='lat' dir='ltr'>aiensinis</span> <span class='ocrx_word' id='word_1_287' title='bbox 1074 3125 1170 3178; x_wconf 80' lang='lat' dir='ltr'>neten</span> 
     </span>
     <span class='ocr_line' id='line_1_36' title="bbox 169 3200 1200 3278; baseline -0.002 -18"><span class='ocrx_word' id='word_1_288' title='bbox 169 3206 224 3260; x_wconf 86' lang='lat' dir='ltr'>tes.</span> <span class='ocrx_word' id='word_1_289' title='bbox 256 3200 375 3278; x_wconf 87' lang='lat' dir='ltr'>pudoris</span> <span class='ocrx_word' id='word_1_290' title='bbox 390 3201 464 3262; x_wconf 85' lang='lat' dir='ltr'>baee</span> <span class='ocrx_word' id='word_1_291' title='bbox 481 3203 578 3267; x_wconf 88' lang='lat' dir='ltr'>sedes.</span> <span class='ocrx_word' id='word_1_292' title='bbox 608 3204 647 3264; x_wconf 91' lang='lat' dir='ltr'>ibi</span> <span class='ocrx_word' id='word_1_293' title='bbox 661 3221 792 3265; x_wconf 84' lang='lat' dir='ltr'>maxume</span> <span class='ocrx_word' id='word_1_294' title='bbox 810 3203 971 3264; x_wconf 91' lang='lat' dir='ltr'>ostenditur</span> <span class='ocrx_word' id='word_1_295' title='bbox 986 3200 1088 3268; x_wconf 81' lang='lat' dir='ltr'>rubor.</span> <span class='ocrx_word' id='word_1_296' title='bbox 1178 3216 1200 3258; x_wconf 83' lang='lat' dir='ltr'>as</span> 
     </span>
    </p>
   </div>
   <div class='ocr_carea' id='block_1_5' title="bbox 25 3283 1172 3366">
    <p class='ocr_par' dir='ltr' id='par_1_5' title="bbox 25 3283 1172 3366">
     <span class='ocr_line' id='line_1_37' title="bbox 25 3283 1172 3366; baseline -0.003 -20"><span class='ocrx_word' id='word_1_297' title='bbox 25 3339 29 3346; x_wconf 87' lang='lat'>.</span> <span class='ocrx_word' id='word_1_298' title='bbox 130 3289 181 3344; x_wconf 83' lang='lat'>158</span> <span class='ocrx_word' id='word_1_299' title='bbox 233 3283 317 3363; x_wconf 82' lang='lat'>(59.)</span> <span class='ocrx_word' id='word_1_300' title='bbox 340 3285 416 3348; x_wconf 89' lang='lat' dir='ltr'>Intra</span> <span class='ocrx_word' id='word_1_301' title='bbox 430 3305 483 3346; x_wconf 87' lang='lat' dir='ltr'>eas</span> <span class='ocrx_word' id='word_1_302' title='bbox 494 3285 666 3349; x_wconf 88' lang='lat' dir='ltr'>bilaritatem</span> <span class='ocrx_word' id='word_1_303' title='bbox 679 3289 824 3366; x_wconf 85' lang='lat' dir='ltr'>risumque</span> <span class='ocrx_word' id='word_1_304' title='bbox 838 3287 999 3348; x_wconf 79' lang='lat' dir='ltr'>iudicantes</span> <span class='ocrx_word' id='word_1_305' title='bbox 1013 3284 1128 3344; x_wconf 83' lang='lat' dir='ltr'>bunnae</span> <span class='ocrx_word' id='word_1_306' title='bbox 1144 3292 1172 3342; x_wconf 89' lang='lat' dir='ltr'>et</span> 
     </span>
    </p>
   </div>
   <div class='ocr_carea' id='block_1_6' title="bbox 171 3365 1173 3542">
    <p class='ocr_par' dir='ltr' id='par_1_6' title="bbox 171 3365 1173 3542">
     <span class='ocr_line' id='line_1_38' title="bbox 171 3365 1171 3448; baseline 0.005 -26"><span class='ocrx_word' id='word_1_307' title='bbox 171 3365 256 3426; x_wconf 89' lang='lat' dir='ltr'>altior</span> <span class='ocrx_word' id='word_1_308' title='bbox 268 3366 374 3430; x_wconf 86' lang='lat' dir='ltr'>bomini</span> <span class='ocrx_word' id='word_1_309' title='bbox 389 3379 512 3446; x_wconf 86' lang='lat' dir='ltr'>tantum,</span> <span class='ocrx_word' id='word_1_310' title='bbox 535 3389 620 3448; x_wconf 88' lang='lat' dir='ltr'>quem</span> <span class='ocrx_word' id='word_1_311' title='bbox 635 3374 702 3433; x_wconf 86' lang='lat' dir='ltr'>novi</span> <span class='ocrx_word' id='word_1_312' title='bbox 716 3388 813 3432; x_wconf 88' lang='lat' dir='ltr'>mores</span> <span class='ocrx_word' id='word_1_313' title='bbox 829 3370 969 3432; x_wconf 89' lang='lat' dir='ltr'>subdolae</span> <span class='ocrx_word' id='word_1_314' title='bbox 985 3369 1119 3446; x_wconf 79' lang='lat' dir='ltr'>inrisioni</span> <span class='ocrx_word' id='word_1_315' title='bbox 1132 3367 1171 3428; x_wconf 94' lang='lat' dir='ltr'>di-</span> 
     </span>
     <span class='ocr_line' id='line_1_39' title="bbox 172 3449 1173 3542; baseline 0.009 -38"><span class='ocrx_word' id='word_1_316' title='bbox 172 3460 295 3527; x_wconf 81' lang='lat' dir='ltr'>cavere,</span> <span class='ocrx_word' id='word_1_317' title='bbox 312 3470 409 3516; x_wconf 90' lang='lat' dir='ltr'>nasus.</span> <span class='ocrx_word' id='word_1_318' title='bbox 444 3453 509 3516; x_wconf 88' lang='lat' dir='ltr'>Non</span> <span class='ocrx_word' id='word_1_319' title='bbox 530 3455 581 3542; x_wconf 81' lang='lat' dir='ltr'>alii</span> <span class='ocrx_word' id='word_1_320' title='bbox 600 3456 760 3518; x_wconf 86' lang='lat' dir='ltr'>animalium</span> <span class='ocrx_word' id='word_1_321' title='bbox 780 3472 866 3516; x_wconf 85' lang='lat' dir='ltr'>nares</span> <span class='ocrx_word' id='word_1_322' title='bbox 889 3454 1022 3526; x_wconf 83' lang='lat' dir='ltr'>eminent.</span> <span class='ocrx_word' id='word_1_323' title='bbox 1058 3449 1173 3526; x_wconf 78' lang='lat' dir='ltr'>avibus,</span> 
     </span>
    </p>
   </div>
   <div class='ocr_carea' id='block_1_7' title="bbox 0 0 1248 3910">
    <p class='ocr_par' dir='ltr' id='par_1_7' title="bbox 0 0 1248 3910">
     <span class='ocr_line' id='line_1_40' title="bbox 0 0 1248 3910; baseline 0 0"><span class='ocrx_word' id='word_1_324' title='bbox 0 0 1248 3910; x_wconf 95' lang='lat' dir='ltr'> </span> 
     </span>
    </p>
   </div>
  </div>
 </body>
</html>
