2482 3910
165 183 224 246 rua
516 193 546 242 o.
564 193 659 244 euru
676 193 825 245 suenum

162 341 288 428 struunt,
308 350 385 413 aliae
408 349 537 430 poliant,
562 347 637 408 aliae
652 357 829 426 suggerunt,
853 348 929 410 aliae
946 347 1040 410 cibum
1054 365 1161 428 conpa-

161 443 224 496 rant
239 453 277 496 ex
291 453 328 495 ec
343 434 421 514 qaod
438 433 562 496 adlatum
580 440 633 492 est.
663 433 850 510 nequeenim
871 433 1026 512 separatim
1041 451 1162 494 vescon·

161 527 222 595 tur,
243 538 280 581 ne
299 518 490 599 inaequalitas
509 517 609 596 operis
631 523 660 575 et
676 514 732 574 cibi
753 515 802 578 flat
819 525 848 576 et
865 518 1018 595 temporis.
1052 526 1164 578 struunt

162 619 248 666 orsae
264 622 280 665 a
297 602 546 664 concamaratione
566 598 641 674 clvi,
660 607 828 680 textumque
848 600 959 661 reluta
981 617 1091 662 summa
1106 601 1163 660 tela

162 687 322 764 deducunt,
338 685 472 748 limitibus
484 685 556 745 binis
567 685 644 744 circa
661 683 794 762 singulos
807 693 906 760 actus,
923 693 954 744 ut
968 684 1033 744 aliis
1046 687 1184 760 intremus

119 779 155 834 td
165 771 227 834 aliis
243 781 359 834 exeant.
389 771 447 830 lavi
462 768 616 848 superiore
631 777 713 846 parte
727 767 831 843 adfixi,
848 778 877 830 et
892 767 1007 849 paulurn
1022 769 1109 830 etiarn
1126 769 1166 830 lae

162 856 272 918 teribus
295 854 378 916 simul
400 853 520 913 haerent
546 860 575 910 et
602 851 729 930 pendent
754 871 818 914 una.
853 852 950 914 alvom
973 870 1032 913 non
1053 855 1163 914 conun-

162 950 248 1018 gunt,
270 955 345 997 nunc
366 935 492 1014 obliqui,
517 953 591 996 nunc
614 935 742 1012 rotundi,
766 935 889 1015 qualiter
909 937 1047 1016 poposcit
1069 937 1162 1012 aluos,

161 1022 315 1102 aliquando
332 1030 363 1082 et
376 1020 495 1080 duorum
507 1037 663 1098 generum,
680 1037 743 1080 cnm
757 1019 814 1080 duo
827 1024 956 1083 examina
969 1016 1165 1082 concordibus

160 1104 277 1186 populis
289 1105 444 1166 dissimiles
458 1103 588 1164 habuere
604 1105 685 1164 ritus.
717 1106 826 1164 ruentis
837 1121 925 1166 ceras
937 1103 1076 1180 lulclunt,
1093 1103 1163 1182 pila·
1172 1127 1193 1168 rr

161 1206 221 1249 rum
235 1190 420 1268 intergerivis
438 1207 454 1250 a
470 1189 534 1248 solo
552 1188 718 1264 fornicaris,
738 1206 775 1250 nc
791 1189 865 1250 desit
880 1189 972 1250 aditus
983 1187 1021 1250 ad
1036 1190 1163 1250 sarcien-

118 1272 238 1338 atdum.
268 1274 351 1354 primi
366 1272 429 1334 lere
447 1282 507 1334 tres
528 1290 631 1334 uersus
646 1274 747 1332 inanes
764 1281 925 1348 struuntur,
948 1290 985 1332 ne
1001 1281 1163 1352 promptum

161 1357 197 1420 sit
209 1358 286 1436 quod
300 1359 401 1419 invitet
416 1358 565 1418 iurantem.
598 1357 748 1420 novissimi
761 1358 893 1418 maxume
907 1356 1052 1435 inplentur
1062 1355 1163 1417 melle.

161 1441 228 1502 ideo
240 1457 345 1502 aversa
357 1442 423 1502 alv'o
444 1441 501 1502 favi
514 1441 684 1502 eximuntur.
712 1439 835 1518 gerulas
852 1439 996 1502 secundos
1008 1437 1094 1500 datus
1118 1457 1163 1499 ca·

161 1533 250 1602 ptant.
283 1525 308 1584 si
330 1527 475 1588 cooriatur
495 1523 644 1603 procella,
673 1523 847 1603 adprehensi
863 1523 1043 1604 pondusculo
1072 1521 1193 1602 lapillirs

162 1626 195 1666 se
207 1606 321 1666 librant.
354 1605 467 1684 quidam
479 1607 634 1668 inumeros
650 1623 714 1668 earn
728 1608 827 1686 inponi
838 1608 960 1669 tradunt.
995 1607 1074 1666 iuxta
1091 1622 1163 1666 vero

118 1702 153 1754 25
164 1698 270 1749 terram
286 1690 385 1750 rolant
403 1691 431 1748 iu
447 1689 572 1751 aduerso
586 1689 655 1750 datu
667 1689 804 1769 vepribus
821 1691 944 1756 evitatis.
974 1689 1046 1752 lllira
1063 1689 1164 1750 obser·

161 1771 240 1836 vatio
256 1773 366 1850 operto.
402 1775 575 1834 cessantium
589 1773 720 1836 inertiam
735 1784 850 1849 notant,
876 1776 1034 1853 castigant,
1051 1791 1123 1834 mcx
1137 1781 1164 1832 et

161 1855 279 1934 puniunt
300 1861 404 1915 morte.
435 1855 506 1917 mira
526 1856 669 1920 munditia.
709 1859 880 1920 amoliuntur
902 1860 995 1920 omnia
1017 1857 1163 1930 emedio,

161 1938 315 2018 nullaeque
331 1939 406 1998 inter
422 1953 513 2016 opera
534 1941 690 2018 spurcitiae
706 1942 810 2004 iacent.
841 1945 908 2022 quin
930 1951 960 2004 et
977 1950 1192 2002 excrementum

162 2023 341 2101 operantium
362 2023 453 2098 intus,
474 2041 511 2083 ne
526 2022 640 2102 longius
661 2027 801 2088 recedant
820 2045 904 2088 unum
922 2035 1062 2103 congesta
1077 2027 1108 2084 in
1123 2025 1163 2084 lo·

118 2100 244 2183 monn,
265 2105 388 2168 turbidis
411 2105 513 2168 diebus
540 2116 569 2168 et
586 2110 684 2185 operis
700 2111 759 2171 otio
775 2120 908 2188 egerunt.
939 2127 1003 2171 curn
1019 2107 1163 2186 advespe-

161 2193 265 2269 rascit,
294 2191 324 2252 in
344 2190 411 2252 alvo
438 2199 571 2272 strepunt
596 2193 686 2252 minus
713 2211 748 2254 ac
778 2197 887 2270 minus,
910 2194 1005 2256 donec
1028 2209 1085 2252 une
1111 2194 1162 2252 cir·
1233 2213 1234 2262 q

163 2277 308 2338 cumvelct
334 2275 437 2338 eodem
458 2294 516 2356 quc
538 2275 676 2335 excitavit
698 2275 803 2338 bornbo
828 2297 882 2340 ceu
906 2280 1032 2358 quictem
1055 2292 1164 2356 cepere
1233 2267 1234 2300 ³

160 2363 338 2439 imperitans,
356 2369 386 2420 et
400 2360 457 2420 hoc
472 2369 632 2420 castrorum
640 2375 730 2418 inore.
762 2368 829 2424 tunc
841 2370 963 2441 repente
979 2377 1081 2420 ornnes
1095 2377 1193 2422 con-rr

161 2444 313 2505 ticesount.
355 2445 403 2502 11.
429 2443 530 2507 domos
555 2443 675 2521 primunr
700 2439 800 2519 plebei
823 2446 1030 2520 exaedificant,
1056 2443 1164 2504 deinde

160 2525 290 2602 regibus.
323 2528 347 2586 si
363 2535 497 2603 speratur
511 2525 621 2602 largior
638 2533 813 2604 proventus,
834 2529 992 2590 adiciuntur
1008 2527 1165 2592 contuber-

162 2608 208 2666 nia
224 2616 253 2667 et
267 2609 351 2669 iacis.
381 2607 436 2668 hae
450 2608 588 2669 cellarum
603 2610 761 2685 minumae,
770 2611 823 2670 sed
838 2612 894 2688 ipsi
908 2614 1034 2675 maiores
1048 2611 1164 2689 apibus.

119 2697 152 2753 at
227 2690 298 2769 (11)
321 2693 391 2752 Sunt
406 2700 501 2752 autem
512 2693 571 2752 inci
586 2695 648 2752 sinc
666 2693 786 2769 aculco,
801 2693 880 2754 velut
896 2695 1076 2774 inperfectae
1093 2712 1166 2772 epcs

92 2811 97 2820 ·
161 2772 411 2854 novissimaeque,
428 2793 444 2838 a
461 2776 548 2852 fessis
567 2785 596 2836 et
610 2779 665 2838 iam
685 2779 810 2838 emeritis
827 2777 995 2854 inchoatae,
1017 2779 1195 2840 serotinusu

160 2857 236 2920 fetus
253 2867 282 2918 et
297 2861 380 2938 quasi
400 2860 517 2922 servitia
536 2879 668 2922 verarum
690 2863 801 2940 apium,
817 2861 1003 2941 quamobrem
1022 2861 1166 2938 imperant

160 2943 196 3004 iis
219 2944 385 3022 primosque
411 2945 561 3023 expellunt
583 2947 612 3006 in
634 2962 741 3024 opera,
763 2945 899 3006 tardantis
925 2945 987 3006 sine
1010 2943 1167 3006 clementia

161 3029 288 3105 puniunt.
319 3045 414 3106 neque
439 3029 467 3088 in
484 3045 575 3108 opere
592 3038 714 3106 tautum,
738 3029 792 3092 scd
811 3031 839 3088 in
861 3030 921 3089 ictu
945 3046 1063 3109 queque
1086 3028 1166 3090 adiu·

119 3119 231 3172 28vant
251 3130 301 3172 eas
322 3110 439 3174 multum
466 3112 502 3174 ad
526 3113 654 3174 calorem
676 3114 846 3176 conferente
870 3113 963 3174 turba.
1002 3120 1085 3174 certe
1109 3123 1167 3192 quo

160 3197 252 3256 maior
267 3213 368 3256 eorum
377 3197 429 3257 luit
439 3197 598 3274 multitudo,
610 3198 667 3258 hoc
679 3201 769 3260 maior
781 3198 811 3258 fit
821 3200 981 3258 examinum
993 3206 1167 3276 proventus.
1176 3216 1199 3259 rt

162 3275 340 3342 Gummella
363 3289 524 3360 coeperunt
537 3291 750 3359 maturescere,
773 3281 891 3359 abigunt
906 3300 975 3358 eos,
987 3280 1169 3360 ,multaeque

162 3361 292 3439 singulos
305 3364 462 3442 adgressae
473 3366 623 3428 trucidant.
650 3386 705 3428 acc
717 3367 745 3426 id
760 3383 853 3444 genus
864 3367 918 3426 nisi
933 3384 1005 3428 vere
1018 3365 1168 3442 conspici·

162 3449 217 3502 tur.
246 3445 327 3505 lucus
343 3448 484 3530 ademptis
497 3449 550 3515 alis
566 3451 594 3512 in
608 3452 702 3512 alvom
716 3451 843 3513 reiectus
853 3451 918 3530 ipsc
936 3452 1043 3512 ceteris
1056 3446 1167 3516 adimit.
