2444 3910
272 251 353 300 uun.
375 251 466 300 msc.
485 252 544 299 vu.
565 248 685 304 'sc-56.
706 241 858 323 (cu—57.)
1026 246 1065 307 37

49 423 171 484 corpus
184 407 295 465 animae
307 423 362 485 per
373 403 427 465 se?
443 424 517 484 quae
533 404 672 467 material
686 405 733 467 ubi
746 410 885 485 cogitatio
898 407 962 472 illi?
978 423 1108 490 quo-189

48 489 145 549 modo
170 491 267 565 visus,
284 489 411 564 auditus,
429 500 476 549 aut
492 492 539 570 qui
556 489 666 568 tangit?
685 494 747 572 quis
763 511 831 551 usus
848 495 909 554 eius
925 505 971 554 aut
987 499 1065 574 quod

49 576 118 634 sine
137 574 184 633 hts
207 569 333 634 honum?
364 593 438 653 quae
461 575 564 635 deinde
586 573 673 635 sedes
694 585 836 659 quantave
854 577 1004 639 multitudo
1022 590 1065 641 tot

48 659 188 718 saeculis
211 661 365 718 animarum
388 659 468 718 velut
490 657 672 720 umbrarum?
703 659 855 738 puerilium
877 661 931 721 ista
954 662 1063 726 deleni-

24 751 219 802 umentorum
230 741 391 821 avidaeque
404 761 555 821 numquam
568 743 701 804 desinere
714 743 894 804 mortalitatis
904 758 1064 809 commenta

50 836 131 886 sunt.
166 827 267 886 similis
284 825 363 886 etde
384 827 571 887 adservandis
590 827 762 906 corporibus
779 827 922 888 hominum
938 847 972 890 ac
987 833 1062 891 revi-

49 910 189 971 rissendi
204 912 346 988 promissa
362 931 377 971 a
392 910 558 971 Democrito
575 914 702 988 vanitas,
722 914 769 990 qui
789 929 847 972 non
869 914 974 974 revixit
989 915 1062 994 ipse.

51 995 152 1069 Quae,
166 995 286 1070 malum,
301 997 356 1054 ista
371 994 513 1062 dementia
526 1004 571 1054 est
588 997 685 1056 iterari
700 995 787 1056 vitani
802 995 917 1056 morte?
932 1015 1043 1076 quaeve
1055 1007 1106 1062 190

52 1081 164 1156 genitis
188 1080 270 1156 quies
295 1095 443 1158 umquam,
467 1082 491 1138 si
514 1080 542 1138 in
563 1080 678 1140 sublimi
701 1099 805 1140 sensus
828 1083 938 1142 animae
959 1092 1063 1158 manet,

17 1166 132 1226 vuinter
148 1163 259 1222 inleros
276 1159 420 1222 umbrae?
432 1163 527 1242 perdit
541 1165 676 1242 prolecto
689 1166 742 1224 ista
759 1165 883 1224 dulcedo
897 1167 1063 1228 credulitas·

54 1267 114 1328 qne
137 1248 325 1325 praecipuum
341 1256 459 1308 naturae
475 1247 591 1324 honum,
607 1258 747 1326 mortem,
766 1266 800 1308 ac
816 1249 944 1328 duplicat
960 1251 1064 1311 obituri

54 1331 191 1392 dolorem
214 1333 299 1391 etiam
314 1341 382 1410 post
402 1332 487 1391 icturi
503 1335 721 1408 aestumatione.
754 1334 859 1392 etenim
876 1334 900 1392 si
921 1332 1008 1394 dulce
1022 1337 1063 1396 vi·

53 1435 128 1475 vere
151 1425 211 1490 est,
232 1418 278 1475 cui
296 1425 395 1496 potest
413 1434 480 1475 esse
496 1413 626 1477 vixisse?
644 1426 673 1476 at
690 1426 796 1495 quanto
813 1416 927 1476 lacilius
944 1421 1063 1478 certius-

56 1500 190 1586 quesibi
208 1517 350 1579 quemque
361 1499 494 1559 ‘credere'
509 1517 543 1560 ac
565 1503 713 1581 specimen
730 1502 893 1562 securitatis
915 1503 1063 1578 antegeni-

22 1595 45 1634 ¹⁵
55 1585 107 1643 tali
125 1603 241 1642 sumere
258 1583 473 1662 experimento!
1214 1617 1215 1648 ς

122 1667 173 1728 56.
197 1669 280 1748 (57.)
312 1666 544 1728 Consentaneum
565 1669 694 1744 videtur,
718 1668 883 1748 priusquam
904 1668 1106 1746 digrediar-191
1214 1689 1215 1746 f

58 1769 119 1810 mur
137 1761 269 1812 amatura
292 1741 451 1828 liominnm,
475 1753 601 1813 indicare
621 1769 695 1832 quae
712 1753 852 1831 cuiusque
869 1755 982 1814 inventa
998 1755 1062 1813 sint.

58 1831 1062 1915 Mermransemercacvendereinstttnic,tiherpaterotndemtore.
1125 1860 1126 1868 ¹
1156 1913 1158 1918 ,
1214 1847 1215 1890 ἲ

58 1919 133 1980 idem
152 1920 298 1998 diadema,
320 1923 431 1998 regium
449 1923 576 1999 insigne,
595 1931 624 1981 et
640 1919 811 2000 triumphum
826 1923 949 1999 invenit,
972 1919 1064 1982 Ceres
1214 1939 1215 1946 ¹

24 2005 217 2081 miramonte,
240 2023 303 2065 cum
324 2014 408 2066 antea
428 2006 534 2082 glande
552 2015 750 2067 vescerentur.
784 2006 884 2066 eadem
904 2007 1017 2066 molere
1037 2015 1065 2066 et
1096 2078 1098 2083 Ι

60 2090 206 2150 conticere
223 2090 251 2147 in
266 2089 373 2164 Attica,
392 2100 421 2149 et
437 2090 492 2150 alia
508 2093 536 2149 in
552 2090 662 2164 Sicilia,
683 2090 720 2148 oh
736 2088 764 2149 id
781 2089 835 2150 dea
849 2091 984 2152 iudicata.
1016 2108 1063 2150 ea-

6 2229 7 2234 ,
60 2173 124 2233 dem
140 2175 230 2251 prima
249 2173 334 2250 leges
352 2173 440 2249 dedit,
457 2183 487 2233 ut
502 2175 550 2233 alii
562 2183 702 2252 putavere
716 2171 958 2234 Rhadamanthus.
990 2173 1107 2238 Lis-192
1213 2227 1214 2242 2

61 2267 137 2316 teras
160 2274 278 2336 semper
299 2255 424 2317 arbitror
445 2256 582 2331 Assyrias
602 2257 710 2330 luisse,
735 2257 787 2315 sed
809 2255 857 2315 alii
873 2257 949 2334 apud
964 2257 1062 2333 Aegy-

61 2343 136 2420 ptios
152 2359 167 2400 a
183 2339 341 2415 licrcurio,
357 2349 387 2399 ut
403 2339 523 2415 Gellius,
542 2341 591 2401 alii
606 2340 681 2418 apud
698 2335 789 2414 Syros
803 2348 938 2419 repertas
953 2339 1062 2420 volunt.
1117 2347 1126 2372 ·

29 2443 53 2484 25
63 2426 157 2502 utique
173 2426 201 2482 in
213 2424 363 2485 Graeciam
378 2423 508 2484 intulisse
522 2443 538 2483 e
554 2423 700 2484 Phoenice
717 2421 853 2482 Cadmum
869 2423 997 2484 sedecim
1013 2441 1063 2482 nu-

63 2525 152 2583 mero,
167 2505 269 2586 quitus
282 2509 407 2569 Troiano
419 2508 500 2568 bello
512 2507 684 2568 Palameden
701 2505 845 2567 adiecisse
860 2516 994 2586 quattuor
1008 2505 1063 2568 hac

64 2593 151 2670 figura
160 2592 198 2652 H
201 2594 305 2668 ΨΦΧ,
315 2595 435 2654 totidem
446 2601 514 2673 post
531 2609 595 2652 enm
608 2591 773 2652 Simoniden
782 2591 926 2667 melicum,
938 2593 1062 2670 Y'ZOE,

65 2695 179 2756 quarum
191 2677 314 2736 omnium
325 2678 368 2735 vis
384 2679 413 2736 in
428 2679 533 2736 nostris
549 2677 780 2756 recognoscitur.
807 2677 985 2738 Aristoteles
1001 2691 1024 2736 x
1036 2687 1065 2736 et

64 2769 125 2819 vm
138 2761 251 2837 priscas
269 2759 360 2819 luisse
375 2761 936 2837 ΑΒΓΔΕΖΙΚΛΜΝΟΠΡΣΤΤΦ,
952 2769 981 2819 et
993 2762 1064 2822 duas
1212 2815 1213 2818 ,

33 2856 57 2898 so
65 2843 99 2903 ab
110 2843 283 2922 Epicharmo
296 2843 406 2904 additas
418 2847 481 2906 ΘΧ
489 2863 573 2923 quam
587 2863 603 2904 a
616 2844 768 2905 Palamede
781 2845 899 2904 mavolt.
926 2845 1106 2908 Amicii-193

66 2929 114 2988 des
125 2930 153 2986 in
165 2928 303 3008 Aegypto
317 2929 463 2988 invenisse
476 2929 617 3007 quendam
628 2930 741 2988 nomine
756 2927 861 2987 dienen
871 2930 967 3005 tradit,
979 2921 1065 2988 ΠΜ

67 3029 197 3073 annorum
209 3021 276 3072 ante
288 3011 440 3074 Phoronea
455 3015 679 3090 antiquissimum
694 3011 835 3072 Graeciae
851 3031 963 3090 regem,
977 3011 1064 3088 idque

65 3097 241 3156 monimentis
258 3096 293 3157 ad
316 3097 421 3158 robare
443 3106 571 3156 conatur.
599 3096 748 3156 ediverso
764 3095 914 3174 Epigenes
925 3095 999 3174 apud
1011 3094 1063 3154 Ba-

66 3179 196 3256 bylonios
211 3191 259 3241 Dc
340 3179 519 3240 Mannornm
535 3179 756 3239 observationes
769 3181 894 3240 siderum
911 3178 1065 3239 coctilibus

36 3263 209 3326 claterculis
231 3265 384 3344 inscriptas
408 3265 512 3340 docet,
533 3266 630 3339 gravis
647 3273 748 3324 auctor
767 3265 796 3324 iu
814 3265 929 3342 primis,
951 3263 998 3340 qni
1013 3263 1064 3320 mi·
1106 3309 1112 3322 ,
1210 3329 1211 3338 χ

68 3365 192 3424 numum,
218 3348 346 3409 Berosus
373 3359 403 3409 et
428 3347 628 3423 Critodemus,
658 3359 789 3409 ccccxc
814 3345 844 3406 ll
873 3365 910 3406 ex
937 3363 994 3425 quo
1016 3345 1064 3406 ad·

69 3442 182 3512 pareret
205 3444 340 3493 aeternus
359 3434 517 3493 litterarum
540 3451 617 3492 usus.
655 3434 683 3490 in
704 3431 819 3506 latium,
838 3449 888 3490 eas
910 3429 1065 3506 attulerunt

68 3515 188 3594 Pelasgi.
210 3517 360 3594 laterarias
373 3535 407 3578 ac
419 3519 531 3578 domum
544 3519 752 3578 constituerunt
762 3514 846 3594 primi
857 3513 1000 3591 Euryalus
1016 3522 1045 3574 ct
1054 3519 1106 3576 194
