2482 3910
271 213 351 284 nau.
372 213 463 262 mar.
482 213 530 274 ιιι.
551 175 671 264 ross—ra
691 201 845 282 (lo-14.)
1002 203 1076 268 1632

1 397 6 437 ι
119 365 195 446 (12)
218 365 326 444 Regias
346 366 569 446 imperatoribus
592 367 696 426 foturis
715 369 743 427 in
763 369 818 428 ima
832 377 915 447 parte
928 369 989 430 alvi
1006 382 1103 439 eume

1 454 6 522 ἰ
51 457 169 512 stmunt
191 450 318 530 amplas,
336 451 520 529 maguiiieas,
543 461 711 532 separatas,
726 452 1059 516 tubereuiuemineutis.

1 565 5 607 t
51 535 133 614 quod
168 537 193 595 si
219 537 410 614 exprimatur,
438 551 496 596 nou
522 536 677 614 gignuotru
702 534 832 597 suboles.
874 538 1060 615 Senaugulae
1137 549 1166 560 “

2 632 5 641 ·
51 637 158 679 orrmes
181 619 277 680 eeiiae
293 637 309 680 a
327 620 502 697 singulorum
513 621 619 700 pedum
637 637 740 700 opere.
769 619 849 682 Nihil
864 620 966 681 burum
984 631 1059 686 stato

0 756 1 763 ,
28 703 265 783 obstuperent
280 705 394 783 rapiunt
406 705 634 766 otenesserents
645 705 749 765 munia.
782 704 872 769 nette
881 721 937 765 uuo
951 705 1059 766 aiteru-

1 817 5 860 ι
49 806 88 850 ve
115 805 254 848 summum
275 788 323 849 die
346 788 438 850 uellus
458 789 584 868 repient.
618 789 679 848 '‘12.
703 789 790 849 Venit
806 787 865 849 boe
879 807 917 848 ex
940 805 1009 850 aere
1025 799 1102 855 attio

48 887 187 934 maxume
205 871 330 933 siderum
347 882 466 950 exortu,
483 876 702 953 praeeipueque
717 875 782 952 ipso
796 875 867 933 sirio
884 873 1058 952 exsplende-

48 965 173 1034 scente,
188 975 243 1017 neo
256 960 370 1018 omniuo
382 960 461 1036 prius
476 959 796 1036 vergtttummexoou,
809 957 974 1019 subiueauis
986 967 1058 1018 tem-

48 1041 185 1123 poribus.
218 1044 317 1121 itaque
333 1052 391 1102 turn
406 1045 496 1120 prima
512 1059 616 1102 aurora
628 1042 699 1102 ioiia
714 1041 847 1102 arborum
862 1041 950 1106 melle
965 1043 1059 1102 rosei·

0 1127 88 1191 1ιιΙιι
112 1125 309 1203 inueniuntur,
337 1145 373 1186 ae
393 1128 418 1186 si
440 1129 489 1206 qui
514 1128 652 1188 matutino
675 1126 729 1188 sub
761 1125 808 1186 diu
833 1127 934 1202 mere,
958 1134 1059 1186 nnuma

48 1212 170 1290 liquore
190 1212 281 1270 vestis
303 1210 497 1292 capiiiumqt're
518 1219 685 1271 ueneremur
700 1212 833 1269 sentiunt.
868 1211 932 1270 sive
946 1209 997 1270 ille
1014 1218 1060 1269 est

48 1294 128 1356 oaeii
143 1294 248 1372 sudor,
265 1297 327 1354 sire
348 1294 489 1374 quaedam
507 1295 633 1356 siderum
651 1294 759 1368 saliva,
780 1295 842 1353 sive
860 1295 1059 1370 purgantius
1086 1337 1089 1340 -

1 1411 2 1454 ι
48 1379 130 1440 aeris
146 1395 250 1454 moos,
269 1381 432 1460 utinamque
448 1389 528 1439 esset
543 1387 676 1458 etpums
689 1395 725 1438 ae
739 1375 864 1456 liquidus
879 1385 994 1437 etsuae
1008 1391 1057 1435 ua·

47 1474 153 1540 turae,
172 1463 266 1543 qualis
280 1463 380 1524 defluit
394 1465 497 1542 primo.
529 1481 604 1522 nuno
618 1477 691 1521 rero
707 1479 723 1520 e
739 1469 817 1521 tauta
835 1459 943 1520 ondens
960 1459 1099 1522 elusum
1163 1518 1165 1521 .

14 1550 119 1610 suntne
139 1547 333 1627 multumque,
355 1546 421 1608 dum
435 1549 529 1623 uenit,
552 1547 729 1606 sordesoens
742 1552 773 1605 et
792 1543 880 1604 obvio
896 1553 993 1604 terrae
1007 1542 1057 1606 ba·

1 1671 2 1678 ι
47 1633 101 1692 litu
111 1631 255 1708 'iniectu-s,
270 1641 424 1711 praeterea
436 1649 452 1692 a
463 1631 564 1691 fronde
576 1649 612 1691 ae
623 1629 737 1710 pabulis
748 1637 834 1708 potos
850 1637 879 1688 et
893 1629 921 1692 iu
932 1626 1057 1687 utriculo

48 1725 214 1794 congestus
232 1718 328 1795 apium
345 1732 453 1775 -ure
471 1712 545 1775 enim
568 1731 631 1777 eonr
647 1721 766 1774 voment
785 1747 842 1787 -,
859 1712 895 1772 ai
911 1711 969 1772 boe
983 1726 1057 1771 aueo

47 1801 154 1861 berum
171 1810 326 1880 corruptus
341 1809 371 1860 et
386 1798 459 1860 aivis
478 1807 638 1861 maceratus
660 1799 827 1876 totiensque
842 1803 983 1870 mutatus,
998 1811 1056 1853 nra·
1164 1813 1169 1820 ·

47 1903 137 1964 guam
152 1893 247 1944 tamen
265 1883 402 1945 caelestis
417 1894 536 1946 naturae
552 1881 730 1961 voluptatem
746 1879 850 1942 adfert.
963 1952 965 1958 Ι

20 1979 47 2021 ²⁰
119 1969 168 2030 13.
192 1968 276 2048 (13.)
296 1967 339 2030 ibi
364 1979 496 2048 optumus
526 1977 644 2046 semper
665 1966 718 2026 ubi
735 1976 916 2045 optumorum
936 1961 1102 2024 doliolistn

47 2055 156 2115 tiorum
168 2051 308 2113 eonditor.
340 2052 455 2113 Attinas
467 2054 596 2130 regionis
608 2051 666 2110 ime
681 2059 711 2110 et
726 2049 859 2123 Siculae,
875 2046 1010 2121 Hymetto
1027 2053 1057 2104 et

46 2137 146 2213 Hybla
162 2153 178 2196 a
193 2137 285 2214 iouis,
307 2153 375 2196 mox
391 2135 518 2211 Calydna
533 2135 634 2194 inuria.
670 2131 723 2192 Est
739 2141 834 2192 autem
858 2130 938 2189 initio
952 2127 1012 2186 mel
1027 2135 1058 2186 ot

48 2239 127 2301 aqua
145 2220 280 2297 dilutum,
300 2230 329 2282 et
341 2219 552 2300 primisdiebus
568 2219 666 2278 iervet
681 2225 712 2276 ut
723 2225 814 2274 musta
829 2229 921 2290 seque
939 2218 1055 2288 purgat,

47 2305 193 2365 vicesimo
208 2305 256 2364 dis
271 2306 443 2378 crassescit,
458 2319 526 2362 mox
539 2302 693 2362 obducitur
706 2300 785 2359 tenui
800 2296 966 2356 membrana
980 2309 1057 2372 quae

12 2390 180 2450 arenosis
197 2391 290 2467 ipsius
305 2383 404 2469 spuma
423 2387 597 2448 eonoresuit.
628 2383 765 2444 sorbetur
785 2390 931 2460 optumum
954 2385 984 2436 et
1005 2375 1056 2434 nri·

49 2490 136 2533 nume
157 2472 263 2533 morie
278 2474 430 2545 iniectum,
454 2489 477 2531 e
488 2484 631 2549 quereus,
647 2469 743 2542 tiliae,
760 2464 948 2528 mononem
963 2460 1056 2521 feliis.
1090 2477 1101 2489 '¹

117 2557 167 2616 14.
192 2557 276 2637 (14.)
300 2559 412 2617 Summa
434 2555 547 2634 quidem
568 2553 705 2614 bonitatis
728 2553 845 2611 natione
873 2559 1002 2626 constat,
1026 2560 1104 2616 utba

51 2655 139 2718 supra
159 2640 296 2715 diximus,
314 2639 445 2720 pluribus
462 2639 565 2699 mosiis.
594 2637 683 2697 aliubi
696 2637 770 2694 enim
785 2633 844 2694 iavi
861 2651 929 2694 esra
943 2644 1091 2713 speetu-ss

50 2725 128 2784 bites
152 2726 323 2802 gignuntur,
345 2733 376 2783 ut
397 2725 425 2782 in
448 2720 563 2796 sieilia,
581 2721 721 2798 Peliguis,
736 2719 823 2779 aliubi
849 2721 934 2796 eopia
951 2719 1058 2795 meilis,

10 2819 41 2861 ta
51 2817 85 2868 ut
99 2809 128 2867 in
143 2805 242 2884 Creta,
260 2807 376 2888 Cypro,
394 2807 504 2882 mirina,
521 2805 610 2866 aiiobi
623 2803 837 2884 magnitudine,
853 2812 883 2861 ut
900 2805 928 2862 in
941 2811 1058 2880 septen·

49 2891 241 2968 trionalibns,
264 2895 328 2952 viso
348 2893 403 2952 iam
425 2893 453 2950 in
473 2889 624 2951 Germania
652 2897 720 2948 uoto
742 2887 848 2966 pedum
870 2885 1059 2964 longitudinis

49 2977 122 3037 faro
143 2977 171 3034 ia
188 2993 259 3037 uara
280 2985 363 3055 parte
382 2978 476 3054 nigro.
510 2974 542 3036 ln
556 2989 740 3054 quocumque
754 2980 849 3031 tamen
864 2978 958 3031 trunto
973 2977 1097 3032 bernosa

52 3069 120 3120 suut
129 3077 239 3138 genera
251 3061 358 3121 meilis.
386 3075 505 3120 vernum
520 3058 688 3118 artioribus
706 3067 874 3118 uousnueto
887 3059 966 3129 favo,
980 3051 1058 3130 quod

50 3145 120 3205 ideo
140 3154 261 3206 robatur
284 3146 436 3206 anthimum.
460 3144 517 3204 boo
539 3143 654 3220 quitiam
677 3144 776 3220 attingi
793 3149 906 3215 vetant,
923 3147 952 3198 nt
973 3137 1058 3210 largo

9 3229 190 3293 eeaiimento
211 3228 306 3290 valida
332 3238 418 3296 exeat
440 3225 571 3287 subeles.
614 3225 662 3286 aiii
687 3245 725 3285 ex
745 3226 825 3286 nulio
845 3226 937 3283 miuus
953 3217 1057 3300 apibus

50 3313 229 3391 relinquunt,
245 3315 378 3392 quoniam
394 3329 496 3390 magne
513 3318 652 3390 sequatur
666 3310 785 3372 ubertes
799 3323 967 3385 magnorum
982 3299 1056 3362 side-

49 3415 111 3456 rum
128 3405 251 3473 enemo,
270 3405 425 3478 praeterea
440 3395 580 3469 solstitio,
596 3411 661 3454 uum
678 3394 804 3470 thymum
826 3401 855 3450 et
875 3407 930 3449 uva
948 3387 1057 3447 florere

49 3482 206 3562 incipiunt,
221 3484 380 3562 praeeipua
395 3484 533 3544 uellamm
554 3479 682 3540 materia.
715 3486 761 3538 est
773 3485 867 3618 autepp
878 3475 912 3593 *in
927 3471 1099 3532 eximente
