2444 3908
145 191 205 254 tta
419 259 427 270 ¹
463 198 493 246 c.
516 131 789 248 remissorium

142 359 312 439 speculatus
341 355 429 418 index
454 371 552 416 morsu
577 351 636 412 levi
668 349 820 428 siguificat.
862 345 913 406 illa
944 341 1160 424 conprehenso

144 443 281 524 quidquid
296 441 412 502 inclusit
428 440 570 500 exanimat
585 444 754 515 partemque
770 432 852 494 socio
867 430 975 490 tribuit.

14 548 21 556 ’
103 539 154 594 143
219 527 301 606 (67.)
336 525 401 600 Quo
426 525 517 600 magis
543 523 631 581 miror
658 518 797 597 quosdam
824 516 1013 576 existumasse
1040 512 1150 590 aquati·

146 612 220 673 libus
239 611 347 672 nullum
370 611 467 670 inesse
489 624 613 668 sensum.
652 603 732 686 povit
752 600 877 679 torpedo
899 599 957 658 vim
983 613 1065 656 suam
1086 596 1152 674 ipsa

145 714 202 756 non
222 706 360 774 torpens,
383 710 528 770 versaque
550 691 579 749 in
602 689 669 750 limo
691 705 723 746 se
746 685 873 746 occultat
888 683 1011 762 piscium
1033 681 1084 758 qui
1107 698 1177 742 se=s

145 782 206 842 curi
229 785 449 858 supernatantes
470 775 649 854 obtorpuere
673 771 849 850 conripiens.
890 767 972 828 huius
995 764 1088 824 iecori
1111 774 1151 824 te·

145 867 253 926 neritas
280 863 359 923 nulla
385 859 560 940 praefertur.
601 876 655 917 nec
684 858 776 916 minor
804 852 936 914 sollertia
963 867 1052 910 ranae
1079 866 1152 928 quae

147 949 267 1009 inmari
295 945 433 1024 piscatrix
454 952 585 1002 vocatur.
624 941 777 1000 eminentia
804 936 858 996 sub
885 935 978 996 oculis
1003 921 1161 994 cornicula'

145 1031 260 1092 trsrbato
276 1030 344 1090 limo
360 1029 485 1104 exserit,
504 1024 711 1088 adsultantibus
727 1021 876 1102 pisciculis
896 1017 1081 1100 pertrahens,
1105 1017 1153 1076 do·

105 1123 220 1180 umnec
241 1123 299 1174 tam
322 1131 415 1192 prope
438 1110 580 1172 accedant
599 1119 630 1170 ut
650 1107 774 1170 adsiliet.
807 1103 893 1166 simili
912 1103 998 1164 modo
1021 1103 1186 1182 squatinam

134 1208 177 1260 et
192 1195 329 1258 rhombus
358 1195 446 1258 abditi
466 1197 567 1275 pinnas
592 1203 726 1254 exsertas
741 1199 858 1252 movent
883 1189 986 1268 specie
1012 1187 1153 1246 vermicu·

146 1284 256 1357 lorum,
276 1284 401 1360 itemque
425 1299 499 1358 quae
524 1287 664 1339 vocantur
687 1277 775 1335 raiae.
809 1292 873 1334 nam
894 1273 1043 1353 pastinaca
1068 1269 1153 1330 latro·

148 1369 259 1428 cinatur
283 1385 321 1427 ex
343 1365 460 1426 occulto
493 1364 668 1426 transeuntis
694 1359 791 1434 radio,
827 1356 904 1438 quod
932 1355 1022 1416 telum
1049 1355 1154 1429 estet,

148 1452 251 1528 figens.
283 1459 450 1528 argumenta
468 1448 617 1509 sollertiae
640 1446 739 1518 huius,
761 1442 838 1522 quod
857 1439 1011 1502 tardissimi
1033 1439 1155 1518 piscium

147 1533 177 1594 hi
198 1535 334 1612 mugilem
353 1534 569 1594 velocissimum
593 1531 717 1590 omnium
736 1525 878 1588 habentes
901 1528 931 1586 iu
945 1532 1048 1584 ventre
1070 1531 1186 1602 repe-rs

148 1619 267 1676 riantur.

107 1709 158 1764 145
217 1701 266 1760 43.
291 1699 512 1778 Scolopendrae
534 1696 721 1757 terrestribus
744 1695 869 1769 similes,
890 1711 960 1772 quas
984 1689 1155 1770 centipedes

148 1792 269 1858 vocant,
286 1783 370 1842 hamo
388 1783 528 1843 devorato
545 1783 638 1840 omnia
654 1782 801 1842 interanea
824 1787 975 1853 evomunt,
991 1774 1089 1836 donec
1109 1775 1155 1836 ba·

148 1885 224 1926 mum
242 1876 378 1944 egerant,
401 1851 683 1926 deinde⁸resorbent
717 1874 745 1924 at
759 1863 865 1942 volpes
880 1864 1006 1922 marinae
1028 1860 1116 1920 simili
1131 1859 1157 1918 in

151 1951 284 2030 periculo
301 1949 424 2028 glutiunt
439 1947 561 2028 amplius
577 1961 669 2028 usque
688 1947 725 2010 ad
739 1947 849 2010 infirma
873 1947 959 2006 liniae
976 1963 1051 2024 quae
1068 1943 1187 2005 facilest

149 2034 335 2114 praerodant.
360 2035 471 2096 cautius
483 2035 531 2112 qni
541 2033 637 2110 glanis
648 2043 769 2094 vocatur
781 2049 903 2093 aversos
914 2027 1028 2090 mordet
1042 2027 1156 2104 hamos,

148 2137 204 2179 nec
220 2120 342 2180 devorat
355 2119 407 2180 sed
427 2137 496 2180 esca
511 2115 629 2196 spoliat.

211 2207 262 2266 44.
286 2203 439 2266 Grassatur
454 2205 530 2264 aries
546 2211 576 2261 ut
591 2201 683 2276 latro,
708 2211 736 2260 ot
751 2219 826 2260 nnnc
840 2198 1027 2277 grandiorum
1042 2199 1158 2258 navium

149 2289 178 2348 in
194 2289 256 2349 salo
272 2290 405 2350 stantium
422 2287 584 2350 occultatus
607 2286 707 2346 umbra
722 2287 748 2344 si
763 2303 849 2364 quem
864 2283 949 2344 nandi
964 2281 1102 2362 voluptas
1118 2283 1157 2342 in·

55 2387 61 2398 ’
148 2375 221 2432 vitet
241 2383 410 2453 exspectat,
433 2391 509 2433 nunc
530 2370 607 2431 elato
631 2380 713 2445 extra
737 2387 841 2448 aquam
865 2367 961 2447 capite
986 2366 1189 2445 piscantiumcs

1 2463 5 2470 ’
151 2455 269 2530 cymbas
289 2457 457 2534 speculatur
473 2453 663 2532 occultusque
681 2453 818 2515 adnatans
833 2453 948 2530 mergit.

108 2547 174 2600 lto
218 2539 268 2598 45.
293 2539 377 2618 (68.)
401 2537 543 2616 Equidem
563 2537 657 2596 ethis
679 2539 777 2596 inesse
798 2555 915 2597 sensum
934 2535 1060 2596 arbitror
1085 2551 1160 2615 quae

150 2638 245 2697 neque
271 2622 431 2682 animalium
457 2638 553 2699 neque
579 2621 713 2682 fruticum
738 2622 791 2682 sed
815 2623 928 2682 tertiam
955 2619 1100 2698 quandam
1123 2637 1162 2680 es

151 2713 274 2782 utroque
298 2715 426 2765 naturam
447 2704 570 2780 habent,
595 2707 692 2764 urticis
715 2705 781 2766 dico
801 2715 829 2766 et
853 2705 1003 2784 spongeis.
1037 2701 1160 2764 Urticae

150 2797 237 2848 noctu
252 2798 391 2866 vagantur
401 2799 547 2867 noctuque
559 2798 675 2850 mutant.
706 2808 846 2852 carnosae
859 2789 970 2850 frondis
984 2786 1029 2848 his
1044 2798 1161 2864 natura,
1170 2803 1192 2846 ao

92 2937 96 2952 ,
151 2883 180 2933 et
198 2889 284 2934 carne
300 2884 465 2936 vescuntur.
497 2875 541 2934 vis
561 2875 672 2953 pruritu
687 2875 807 2936 mordax
822 2874 982 2954 eademque
1004 2889 1083 2952 quae
1102 2881 1160 2932 ter·

150 2957 252 3016 restris
275 2957 395 3017 urticae.
434 2957 576 3018 contrahit
599 2976 670 3035 ergo
694 2977 726 3018 se
748 2977 832 3038 qnam
852 2976 984 3018 maxume
1006 2958 1111 3033 rigens
1129 2975 1162 3017 ac

150 3050 338 3129 praepataute
356 3041 497 3120 pisciculo
515 3041 647 3102 frondem
669 3045 882 3122 suam-spargit
904 3041 1161 3120 conplectensque

110 3131 160 3188 147
169 3126 299 3186 devorat.
342 3125 414 3185 alias
435 3128 588 3186 marcentis
610 3127 709 3192 similis
733 3137 762 3186 et
782 3127 882 3188 iactari
904 3145 936 3186 se
957 3141 1045 3204 passa
1070 3123 1162 3185 fluctu

151 3211 236 3288 algae
257 3211 338 3285 vice,
365 3218 516 3270 contactos
537 3211 659 3290 piscium
685 3213 839 3291 attrituque
866 3220 967 3290 petrae
994 3209 1193 3288 scalpentisu

132 3307 135 3318 ·
151 3297 290 3370 pruritum
304 3294 420 3355 invadit.
452 3293 553 3354 eadem
567 3306 652 3356 noctu
670 3298 800 3374 pectines
819 3303 849 3357 ct
865 3295 984 3356 echinos
1001 3295 1159 3373 perquirit.

153 3395 216 3436 cum
233 3380 379 3438 admoveri
395 3377 451 3438 sibi
466 3396 577 3438 manum
595 3379 844 3456 sentitpoolorem
860 3389 947 3441 mutat
963 3387 991 3437 et
1010 3377 1159 3438 contrahi·

154 3467 207 3525 tur.
237 3471 312 3522 tacta
328 3463 476 3544 uredinem
491 3464 588 3540 mittit,
606 3464 778 3552 paulumque
800 3466 823 3524 si
839 3465 891 3524 fnit
907 3461 1070 3540 intervalli,
1091 3461 1158 3521 abs·
